3043 4837
1327 317 1492 360 ,m
1583 313 1863 390 ἠὼ

549 457 676 519 sint
697 498 718 528 ‚
761 473 960 538 quam
1004 451 1250 540 diversa
1301 450 2049 533 primitivorum'novem
2086 469 2396 530 sonorum
2430 452 2543 536 pe'r
2576 475 2685 531 va-

545 560 639 622 ria
667 556 970 642 loquelae'
993 577 1232 638 organa
1259 553 1672 618 modificatio.
1765 564 1768 568 ’

1231 765 1763 865 Tul-:sis
1851 793 1969 865 1v.

541 963 926 1070 Linguae
971 968 1504 1049 universalis
1551 985 1631 1048 in
1695 984 2031 1068 linguas
2088 984 2674 1070 particulares
2726 1011 2743 1028 2

1274 1090 1956 1152 transformatio.

705 1271 1140 1336 Ex.hactenus
1177 1273 1363 1336 dictis
1403 1273 1649 1338 clarum
1684 1295 1819 1338 esse
1858 1287 2043 1356 puto,
2076 1271 2354 1356 primam
2390 1271 2675 1340 hominis

533 1373 817 1456 linguam
856 1375 1016 1438 nihil
1053 1376 1225 1438 aliud
1265 1377 1502 1450 fuisse,
1540 1397 1734 1460 quam
1772 1399 2005 1440 novem
2054 1397 2366 1442 sonorum
2397 1375 2675 1458 primiti·
2708 1401 2719 1407 ·

529 1497 762 1543 vorum
818 1499 933 1561 per
977 1469 1223 1542 diversa
1281 1477 1575 1562 loquelae
1620 1501 1852 1560 organa
1906 1480 2365 1552 variationem,
2408 1499 2479 1540 ac
2521 1495 2673 1558 pro-

527 1580 682 1642 inde
733 1593 938 1642 totam
994 1603 1130 1642 non
1175 1581 1468 1664 pluribus
1520 1601 1715 1664 quam
1752 1577 1952 1668 51959
2002 1579 2328 1646 vocabulis
2379 1579 2669 1650 unisonis

531 1695 821 1744 constare
877 1684 1208 1762 potuisse,
1252 1705 1533 1763 quorum
1586 1697 1805 1740 tamen
1854 1681 2175 1764 singulum
2232 1683 2397 1750 sicut
2445 1703 2673 1746 omnes

527 1804 750 1846 sensus
783 1785 1112 1864 genericos
1146 1783 1438 1863 superius
1475 1779 1721 1852 allatos,
1757 1781 1847 1841 ita
1878 1786 2070 1840 etiam
2104 1806 2331 1846 omnes
2367 1783 2675 1846 orationis

524 1900 736 1968 partes
769 1905 1126 1968 omnesque
1165 1885 1520 1946 earundem
1556 1882 1895 1946 relationes
1928 1882 2309 1948 invariatum
2364 1885 2676 1967 exprime.-
2734 1941 2751 1951 ,

524 1984 670 2061 bat,
716 2001 785 2049 ut
819 1986 886 2047 id
916 1985 1268 2048 hodiedum
1297 1987 1366 2048 in
1409 1985 1642 2068 linguis
1677 1985 1893 2045 minus
1940 1985 2201 2048 excultis
2236 2007 2291 2048 e.
2330 2010 2388 2070 g.
2429 1990 2673 2074 anglica

524 2091 741 2170 videre
775 2089 922 2151 licet
955 2131 976 2163 ,
1021 2089 1088 2150 in
1131 2111 1262 2172 qua
1293 2110 1480 2172 saepe
1518 2109 1646 2149 una
1678 2087 2033 2170 eademque
2072 2110 2191 2150 vox
2218 2090 2348 2170 jam
2384 2112 2511 2174 qua
2538 2114 2679 2155 ven-a

523 2191 706 2266 bum,
742 2193 872 2274 jam
913 2213 1040 2275 qua
1077 2191 1488 2266 adverbium,
1518 2190 1649 2273 jam
1687 2210 1815 2271 qua
1848 2189 2353 2268 substantivum,
2381 2191 2513 2276 jam
2546 2215 2673 2278 qua

525 2295 906 2375 adjectivum
939 2306 1304 2375 comparet,
1347 2313 1591 2375 perque
1625 2311 1805 2354 casus
1861 2313 2091 2356 omnes
2146 2295 2479 2382 immutata
2532 2319 2671 2358 ma,-

523 2409 654 2459 net.
717 2395 846 2459 Sed
898 2393 1034 2477 jam
1103 2415 1276 2458 nunc
1335 2393 1571 2476 duplex
1631 2394 1967 2477 permagni
2012 2398 2333 2460 momenti
2382 2400 2667 2481 quaestio
2726 2452 2730 2455 a

523 2502 761 2561 oritur:
805 2498 1022 2582 primo
1080 2496 1416 2579 quomodo
1465 2518 1540 2559 ex
1586 2518 1777 2559 sensu
1819 2497 2277 2563 vocabulorum
2332 2488 2667 2567 communi

506 2616 704 2662 ortus
737 2602 820 2662 sit
847 2620 1072 2662 sensus
1109 2599 1462 2662 eorundem
1497 2600 1827 2684 proprius;
1849 2600 2156 2663 ‚secundo
2212 2603 2545 2684 quomodo
2595 2628 2671 2669 ex

519 2726 649 2765 una
679 2700 894 2785 lingua
927 2701 1202 2765 naturali
1239 2715 1370 2765 tam
1404 2692 1666 2767 multae·
1692 2700 1956 2785 totoque
2013 2702 2194 2767 coelo
2246 2706 2412 2768 inter
2460 2729 2527 2769 se
2572 2707 2669 2771 di-

515 2826 734 2869 versae
783 2806 1038 2887 linguae
1091 2804 1304 2867 enasci
1373 2806 1717 2889 potuerint.
1798 2807 2235 2909 Responsum
2273 2811 2663 2892 quaestionis

517 2910 768 2993 primae
819 2908 1010 2971 etiam
1071 2907 1388 2981 secundae
1461 2908 1837 2981 satisfaciet,
1899 2900 2119 2993 estque
2179 2932 2504 2995 sequens.
2568 2916 2669 2977 Ex

521 3034 722 3095 sensu·
758 3010 1224 3074 vocabulorum
1281 2996 1617 3091 communi
1664 3025 1842 3073 ortus
1890 3024 1986 3073 est
2036 3020 2257 3077 sensus
2310 3016 2665 3080 eorundem

520 3116 824 3198 proprius
861 3113 1090 3177 eodem
1125 3134 1386 3196 prorsus
1419 3113 1655 3188 modo,
1702 3134 1833 3197 quo
1867 3136 1940 3176 ex
1973 3137 2091 3177 usu
2121 3132 2335 3181 rerum
2374 3138 2667 3183 commu·-

523 3216 592 3277 ni
649 3230 828 3289 ortus
881 3230 1176 3280 est-usus
1227 3216 1573 3278 earundem
1621 3216 1939 3298 propriuS.
1988 3219 2253 3284 Etenim
2308 3220 2471 3289 sicut
2516 3240 2707 3286 usus‘

497 3338 740 3391 ,rerum
792 3320 1173 3380 communis.
1203 3319 1284 3381 ob
1334 3331 1722 3382 crescentem
1773 3320 1838 3381 in
1887 3318 2023 3383 dies
2072 3343 2416 3385 numerum
2453 3322 2667 3387 homi—

523 3442 726 3493 num,
760 3420 838 3483 de
891 3441 966 3483 eo
1018 3420 1442 3502 litigantium,
1471 3421 1552 3482 ad
1590 3442 1779 3483 usum
1818 3421 2164 3507 earundem
2204 3421 2540 3509 proprium
2572 3445 2671 3489 re-

525 3524 750 3605 stringi
784 3523 1044 3585 debuit.
1084 3526 1169 3585 ita
1206 3526 1397 3610 etiam
1423 3546 1644 3595 sensus
1682 3525 2143 3592 vocabulorum
2164 3531 2558 3599 communis
2580 3530 2665 3593 ob

525 3639 914 3693 crescentem
973 3626 1038 3689 in
1093 3625 1226 3689 dies
1273 3648 1619 3689 numerum
1658 3627 2053 3709 objectorum
2088 3610 2166 3693 ad
2212 3631 2409 3695 vitam
2448 3654 2668 3695 neces*-

525 3728 838 3791 sariorum
873 3728 1196 3791 evitandae
1232 3730 1629 3793 confusionis
1669 3732 1861 3809 gratia
1900 3730 1980 3793 ad
2014 3754 2274 3818 sensum
2308 3734 2666 3819 eorundem

524 3834 862 3912 proprium
910 3833 1382 3915 restringendus
1434 3832 1571 3896 fuit.
1614 3833 1856 3916 -Neque
1886 3832 2117 3899 'tamen
2168 3834 2493 3917 quispiam
2540 3836 2669 3897 exi-

528 3932 764 4007 stimet,
781 3936 1250 3999 restricti-onem
1281 3935 1450 3999 hanc
1477 3930 1589 3999 seii
1619 3958 1830 4027 rerum
1866 3958 1976 3999 seu
2008 3938 2463 4025 vpeabulorum
2490 3937 2692 4027 apud

528 4056 752 4100 omnes
785 4037 1082 4103 homines
1119 4061 1248 4102 uno
1304 4039 1665 4125 eodemque
1716 4053 2045 4123 tempore,
2090 4041 2197 4105 a'ut
2242 4064 2369 4105 una
2414 4041 2669 4105 eadem-

2680 2682 2715 2703 *x
