3043 4837
1325 339 1823 404 ..uu-1800...

494 487 763 555 cialem,
807 485 918 569 qui
953 483 1020 544 in
1069 483 1303 566 linguis
1357 483 1845 566 particularibus
1904 485 2441 568 deprehenditur,
2486 504 2641 544 con-
2722 559 2729 564 ο

488 591 920 678 junxerimus:
951 600 1091 650 tum
1124 585 1412 668 linguam
1439 588 1737 672 omnium
1758 589 2135 652 facillimam
2160 601 2366 671 ‘atque
2403 585 2645 649 brevis-

492 695 768 767 simam,
812 705 1037 774 utpote
1070 685 1474 773 paucissimis
1509 690 1719 775 iisque
1770 691 2263 774 simplicissimis
2311 688 2641 752 vocabulis

494 809 930 868 constantem,
975 806 1038 854 et
1075 804 1292 855 tamen
1345 791 1539 855 simul
1588 793 2012 869 ditissimam,
2055 807 2277 877 utpote
2337 793 2637 855 omnium

491 887 855 982 linguarum
889 894 1134 959 radices
1166 883 1234 958 i'n
1273 915 1338 956 se
1367 895 1906 978 complectentem
1944 885 2406 970 obtinebimus,
2453 895 2637 977 cujus

495 1003 679 1066 dotes
741 1021 942 1084 aeque
1001 998 1418 1082 paucissimas
1449 1041 1468 1073 ,
1531 1013 1725 1084 atque
1796 997 2307 1082 simplicissimas
2368 999 2643 1082 quisque

495 1105 947 1188 grammaticae
983 1105 1224 1186 peritus
1261 1101 1362 1165 vel
1392 1103 1582 1164 intra
1619 1103 1905 1166 mediam
1945 1102 2176 1166 horam
2216 1123 2293 1164 ex
2325 1100 2489 1164 thesi
2538 1109 2644 1161 'se-

499 1221 736 1293 quente
783 1205 1112 1270 addiscere
1156 1205 1412 1289 poterit.

1199 1431 1760 1521 THESls
1828 1432 1945 1522 vl.
2030 1449 2040 1464 ··

648 1617 1004 1686 Dotium
1047 1615 1389 1698 linguae
1434 1603 1951 1680 universalis
1998 1615 2517 1700 explanatio.

675 1803 739 1866 Si
791 1801 1088 1864 homines
1140 1796 1427 1862 hucdum
1478 1801 1547 1862 in
1590 1813 1754 1864 statu
1803 1811 2097 1863 naturae
2116 1797 2657 1884 permansissent?

283 1918 293 1926 '
359 1909 372 1920 “
433 1971 439 1978 ,
503 1907 668 1971 sicut
705 1905 964 1999 easdem
1002 1923 1234 1965 omnes
1267 1903 1694 1979 necessitates,
1722 1904 1809 1966 ita
1844 1901 2073 1966 eadem
2112 1903 2309 1966 etiam
2344 1893 2655 1966 vocaBula

445 2063 454 2069 .
505 2010 588 2074 ad
631 2031 735 2073 eas
768 2005 1216 2093 exprimendas
1247 1989 1643 2082 necessaria,
1688 2028 1761 2070 ac
1791 2006 2067 2090 proinde
2112 2027 2311 2068 unam
2349 2003 2657 2066 eandem-

507 2133 632 2194 que
649 2111 937 2194 linguam
970 2130 1103 2175 non
1138 2130 1366 2190 schS,
1373 2131 1445 2172 ac
1465 2123 1710 2172 caetera
1738 2109 2097 2172 animantia
2118 2109 2186 2171 in
2207 2120 2375 2171 statu
2394 2117 2657 2168 naturae

503 2214 805 2287 viventia,
824 2211 1182 2292 hodiedum
1212 2181 1540 2274 haberent.
1572 2212 1745 2274 Tota
1774 2211 1987 2294 itaque
2006 2211 2301 2296 loquelae
2334 2209 2659 2271 humanae

509 2314 838 2400 diversitas
871 2335 946 2376 ex
983 2313 1233 2374 diversa
1265 2312 1612 2390 hominum
1638 2313 1941 2393 ‚cultui-a,
1986 2336 2151 2396 quae
2198 2312 2387 2376 variis
2438 2329 2658 2374 neces-

509 2415 800 2479 sitatibus
837 2413 1009 2503 varia
1043 2414 1387 2495 assignavit
1423 2413 1773 2489 vocabula,
1819 2430 2005 2477 enata
2040 2430 2156 2487 est.
2203 2413 2655 2500 Quamobrem
2732 2446 2737 2451 ·

509 2520 565 2581 si
601 2541 638 2581 a
670 2515 927 2600 loquela
961 2516 1348 2579 humana.ea
1370 2558 1391 2591 ,
1435 2537 1599 2601 quae
1628 2516 1751 2601 ipsi
1789 2537 1905 2599 per
1954 2518 2271 2588 diversam
2310 2516 2657 2579 hominum

513 2621 830 2686 culturam
869 2618 1265 2702 pedetentim
1299 2632 1724 2693 accesserunt,
1762 2614 2002 2703 quaeve
2038 2620 2331 2683 absolute
2364 2640 2656 2685 necessa<-

510 2725 604 2787 ria
637 2744 770 2787 non
809 2734 996 2796 sunt,
1040 2734 1221 2785 caute
1252 2721 1787 2805 separaverimus3
1832 2722 1899 2785 in
1954 2722 2175 2787 locum
2216 2744 2367 2785 vero
2400 2722 2657 2788 illarum

513 2824 1060 2899 differentiarum,
1105 2824 1340 2907 quibus
1392 2823 1531 2907 ipsa
1584 2846 1795 2889 carere
1840 2846 1974 2887 non
2010 2840 2261 2907 potest,
2306 2847 2545 2911 quaeve
2590 2826 2658 2889 in

513 2930 704 2995 variis
739 2929 974 3011 linguis
1025 2920 1172 2991 sunt
1203 2928 1452 3001 variae,
1496 2926 1650 2989 alias
1691 2928 2147 3012 simpliciores,
2190 2944 2379 3013 atque
2416 2927 2659 2992 unifor-

511 3052 654 3095 mes
704 3029 1258 3093 substituerimus:
1305 3042 1444 3091 tum
1495 3028 1729 3091 iterum
1783 3053 1858 3094 ex
1906 3036 1976 3094 ea
2027 3032 2318 3115 linguam
2365 3030 2661 3115 planissi-

513 3154 730 3216 mam,
773 3151 938 3215 quae
967 3131 1272 3211 facillime
1309 3132 1679 3210 communis
1714 3132 2033 3206 omnium.
2060 3134 2405 3200 hominum
2443 3135 2663 3217 lingua

515 3232 654 3297 fieri
689 3233 964 3316 poterit,
1009 3232 1387 3325 efficiemus.
1448 3232 1797 3316 Quaeritur
1837 3237 1967 3318 jam
1986 3280 2012 3319 ,3
2054 3258 2369 3321 quaenam
2414 3222 2543 3302 sint
2592 3236 2661 3299 in

520 3336 778 3419 loquela
810 3334 1094 3415 humana
1144 3336 1431 3415 absolute
1485 3358 1620 3397 non
1670 3320 2043 3407 necessaria.
2092 3341 2243 3403 Sine
2284 3338 2483 3405 dubio
2532 3338 2669 3413 illa,

523 3458 688 3525 quae
721 3437 890 3507 salva
924 3437 1092 3499 illius
1112 3439 1382 3499 essentia
1399 3437 1618 3501 abesse
1646 3456 1937 3520 possunt.
1978 3442 2173 3509 Talia,
2202 3455 2385 3505 sunt:
2420 3423 2667 3505 diversa

521 3560 737 3605 rerum
799 3561 1071 3622 genera,
1118 3532 1404 3603 diversae
1456 3542 1801 3617 nominum
1838 3542 2341 3619 declinat-iones,
2384 3545 2671 3608 diversae

522 3644 868 3709 verborum
907 3643 1412 3725 conjugationes,
1453 3644 1738 3706 diversae
1770 3628 2061 3721 casuum,
2094 3648 2470 3723 modorum,
2506 3661 2671 3711 tem-

522 3732 800 3833 porum,
840 3767 1261 3809 numerorum
1297 3769 1370 3809 ac
1407 3750 1829 3830 personarum
1868 3752 2370 3814 terminationes.
2404 3750 2671 3814 Etenim

526 3850 760 3912 dantur
791 3850 1148 3913 hodiedum
1179 3835 1431 3929 linguae
1463 3851 1593 3933 jam
1625 3850 1726 3914 his
1779 3851 1909 3934 jam
1961 3853 2087 3917 illis
2140 3869 2423 3929 carentes
2446 3896 2465 3928 ,
2511 3852 2679 3934 quin·

487 4016 506 4040 -.
525 3966 742 4015 tamen
776 3953 904 4015 sint
939 3966 1282 4038 propterea
1319 3956 1579 4017 caeteris
1615 3954 1714 4017 his
1764 3957 2067 4020 omnibus
2120 3957 2424 4040 praeditis
2454 3956 2675 4020 minus

533 4054 760 4118 clarae.
805 4056 909 4119 sic
948 4054 1163 4139 lingua
1193 4054 1536 4139 hungarica
1567 4060 1789 4121 omnia
1827 4082 2042 4123 rerum
2090 4082 2321 4144 genera
2370 4060 2438 4122 in
2472 4079 2675 4123 unum
