<?xml version="1.0" encoding="UTF-8"?>
<!DOCTYPE html PUBLIC "-//W3C//DTD XHTML 1.0 Transitional//EN"
    "http://www.w3.org/TR/xhtml1/DTD/xhtml1-transitional.dtd">
<html xmlns="http://www.w3.org/1999/xhtml" xml:lang="en" lang="en">
 <head>
  <title>
</title>
<meta http-equiv="Content-Type" content="text/html;charset=utf-8" />
  <meta name='ocr-system' content='tesseract 3.04.00' />
  <meta name='ocr-capabilities' content='ocr_page ocr_carea ocr_par ocr_line ocrx_word'/>
</head>
<body>
  <div class='ocr_page' id='page_1' title='image "./linguauniversal00rtgoog_0024.png"; bbox 0 0 3043 4837; ppageno 0'>
   <div class='ocr_carea' id='block_1_1' title="bbox 1185 315 1676 470">
    <p class='ocr_par' dir='ltr' id='par_1_1' title="bbox 1185 315 1676 470">
     <span class='ocr_line' id='line_1_1' title="bbox 1227 315 1248 349; baseline 0 0"><span class='ocrx_word' id='word_1_1' title='bbox 1227 315 1248 349; x_wconf 57' lang='lat' dir='ltr'>k</span> 
     </span>
     <span class='ocr_line' id='line_1_2' title="bbox 1185 402 1676 470; baseline -0.002 -34"><span class='ocrx_word' id='word_1_2' title='bbox 1185 402 1676 470; x_wconf 58' lang='lat' dir='ltr'><strong>anulg&#39;mws</strong></span> 
     </span>
    </p>
   </div>
   <div class='ocr_carea' id='block_1_2' title="bbox 349 523 2605 4097">
    <p class='ocr_par' dir='ltr' id='par_1_2' title="bbox 349 523 2529 2252">
     <span class='ocr_line' id='line_1_3' title="bbox 378 523 2519 612; baseline -0.001 -20"><span class='ocrx_word' id='word_1_3' title='bbox 378 526 752 601; x_wconf 75' lang='lat' dir='ltr'><strong>confundit3</strong></span> <span class='ocrx_word' id='word_1_4' title='bbox 790 528 880 591; x_wconf 91' lang='lat' dir='ltr'><strong>sic</strong></span> <span class='ocrx_word' id='word_1_5' title='bbox 912 525 1140 609; x_wconf 73' lang='lat' dir='ltr'><strong>gallica</strong></span> <span class='ocrx_word' id='word_1_6' title='bbox 1163 546 1509 590; x_wconf 85' lang='lat' dir='ltr'><strong>numerum</strong></span> <span class='ocrx_word' id='word_1_7' title='bbox 1532 523 1855 610; x_wconf 56' lang='lat' dir='ltr'><strong>pluralem*</strong></span> <span class='ocrx_word' id='word_1_8' title='bbox 1878 545 1911 586; x_wconf 85' lang='lat' dir='ltr'><strong>a</strong></span> <span class='ocrx_word' id='word_1_9' title='bbox 1944 523 2247 606; x_wconf 85' lang='lat' dir='ltr'><strong>singulari</strong></span> <span class='ocrx_word' id='word_1_10' title='bbox 2266 527 2332 589; x_wconf 90' lang='lat' dir='ltr'><strong>in</strong></span> <span class='ocrx_word' id='word_1_11' title='bbox 2367 529 2519 612; x_wconf 70' lang='lat' dir='ltr'><strong>qui-</strong></span> 
     </span>
     <span class='ocr_line' id='line_1_4' title="bbox 371 628 2512 714; baseline -0 -20"><span class='ocrx_word' id='word_1_12' title='bbox 371 631 644 694; x_wconf 83' lang='lat' dir='ltr'><strong>busdam</strong></span> <span class='ocrx_word' id='word_1_13' title='bbox 661 631 1067 693; x_wconf 71' lang='lat' dir='ltr'><strong>⁶nominibus</strong></span> <span class='ocrx_word' id='word_1_14' title='bbox 1119 629 1576 694; x_wconf 77' lang='lat' dir='ltr'><strong>tantummodo</strong></span> <span class='ocrx_word' id='word_1_15' title='bbox 1622 650 1743 713; x_wconf 88' lang='lat' dir='ltr'><strong>per</strong></span> <span class='ocrx_word' id='word_1_16' title='bbox 1789 628 2125 692; x_wconf 87' lang='lat' dir='ltr'><strong>articulum</strong></span> <span class='ocrx_word' id='word_1_17' title='bbox 2160 631 2512 714; x_wconf 77' lang='lat' dir='ltr'><strong>dignoscit3</strong></span> 
     </span>
     <span class='ocr_line' id='line_1_5' title="bbox 373 731 2514 816; baseline 0 -22"><span class='ocrx_word' id='word_1_18' title='bbox 373 734 466 796; x_wconf 85' lang='lat' dir='ltr'><strong>sic</strong></span> <span class='ocrx_word' id='word_1_19' title='bbox 499 734 744 816; x_wconf 83' lang='lat' dir='ltr'><strong>anglica</strong></span> <span class='ocrx_word' id='word_1_20' title='bbox 779 735 1002 798; x_wconf 86' lang='lat' dir='ltr'><strong>omnia</strong></span> <span class='ocrx_word' id='word_1_21' title='bbox 1031 735 1298 798; x_wconf 88' lang='lat' dir='ltr'><strong>nomina</strong></span> <span class='ocrx_word' id='word_1_22' title='bbox 1333 734 1412 796; x_wconf 91' lang='lat' dir='ltr'><strong>ad</strong></span> <span class='ocrx_word' id='word_1_23' title='bbox 1465 754 1668 796; x_wconf 88' lang='lat' dir='ltr'><strong>unam</strong></span> <span class='ocrx_word' id='word_1_24' title='bbox 1708 731 2203 795; x_wconf 78' lang='lat' dir='ltr'><strong>declinationem</strong></span> <span class='ocrx_word' id='word_1_25' title='bbox 2237 747 2514 809; x_wconf 83' lang='lat' dir='ltr'><strong>revocat,</strong></span> 
     </span>
     <span class='ocr_line' id='line_1_6' title="bbox 371 834 2514 921; baseline -0 -23"><span class='ocrx_word' id='word_1_26' title='bbox 371 835 786 920; x_wconf 87' lang='lat' dir='ltr'><strong>diversosque</strong></span> <span class='ocrx_word' id='word_1_27' title='bbox 823 838 1181 901; x_wconf 87' lang='lat' dir='ltr'><strong>eorundem</strong></span> <span class='ocrx_word' id='word_1_28' title='bbox 1197 845 1399 901; x_wconf 78' lang='lat' dir='ltr'><strong>&#39;casus</strong></span> <span class='ocrx_word' id='word_1_29' title='bbox 1414 860 1531 921; x_wconf 85' lang='lat' dir='ltr'><strong>per</strong></span> <span class='ocrx_word' id='word_1_30' title='bbox 1552 836 1765 900; x_wconf 85' lang='lat' dir='ltr'><strong>solum</strong></span> <span class='ocrx_word' id='word_1_31' title='bbox 1789 834 2126 899; x_wconf 77' lang='lat' dir='ltr'><strong>articulum</strong></span> <span class='ocrx_word' id='word_1_32' title='bbox 2150 837 2292 899; x_wconf 89' lang='lat' dir='ltr'><strong>disti</strong></span> <span class='ocrx_word' id='word_1_33' title='bbox 2302 839 2514 918; x_wconf 75' lang='lat' dir='ltr'><strong>uguit3</strong></span> 
     </span>
     <span class='ocr_line' id='line_1_7' title="bbox 375 938 2514 1030; baseline 0 -30"><span class='ocrx_word' id='word_1_34' title='bbox 375 938 468 1001; x_wconf 86' lang='lat' dir='ltr'><strong>sic</strong></span> <span class='ocrx_word' id='word_1_35' title='bbox 505 939 730 1004; x_wconf 87' lang='lat' dir='ltr'><strong>eadem</strong></span> <span class='ocrx_word' id='word_1_36' title='bbox 761 941 1004 1023; x_wconf 84' lang='lat' dir='ltr'><strong>anglica</strong></span> <span class='ocrx_word' id='word_1_37' title='bbox 1057 945 1254 1003; x_wconf 76' lang='lat' dir='ltr'><strong>unam</strong></span> <span class='ocrx_word' id='word_1_38' title='bbox 1303 955 1555 1004; x_wconf 84' lang='lat' dir='ltr'><strong>tantum</strong></span> <span class='ocrx_word' id='word_1_39' title='bbox 1599 940 1945 1030; x_wconf 67' lang='lat' dir='ltr'><strong>verborum</strong></span> <span class='ocrx_word' id='word_1_40' title='bbox 1994 940 2514 1023; x_wconf 84' lang='lat' dir='ltr'><strong>conjugationem</strong></span> 
     </span>
     <span class='ocr_line' id='line_1_8' title="bbox 377 1042 2517 1128; baseline 0 -25"><span class='ocrx_word' id='word_1_41' title='bbox 377 1042 698 1120; x_wconf 77' lang='lat' dir='ltr'><strong>admittit,</strong></span> <span class='ocrx_word' id='word_1_42' title='bbox 745 1043 1152 1128; x_wconf 84' lang='lat' dir='ltr'><strong>diversasque</strong></span> <span class='ocrx_word' id='word_1_43' title='bbox 1205 1045 1541 1128; x_wconf 88' lang='lat' dir='ltr'><strong>utriusque</strong></span> <span class='ocrx_word' id='word_1_44' title='bbox 1594 1043 1849 1105; x_wconf 87' lang='lat' dir='ltr'><strong>numeri</strong></span> <span class='ocrx_word' id='word_1_45' title='bbox 1899 1064 2205 1127; x_wconf 81' lang='lat' dir='ltr'><strong>personas</strong></span> <span class='ocrx_word' id='word_1_46' title='bbox 2253 1044 2316 1105; x_wconf 88' lang='lat' dir='ltr'><strong>in</strong></span> <span class='ocrx_word' id='word_1_47' title='bbox 2353 1055 2517 1104; x_wconf 88' lang='lat' dir='ltr'><strong>tem-</strong></span> 
     </span>
     <span class='ocr_line' id='line_1_9' title="bbox 373 1147 2523 1232; baseline 0 -26"><span class='ocrx_word' id='word_1_48' title='bbox 373 1166 535 1228; x_wconf 89' lang='lat' dir='ltr'><strong>pore</strong></span> <span class='ocrx_word' id='word_1_49' title='bbox 571 1155 902 1229; x_wconf 73' lang='lat' dir='ltr'><strong>praesente</strong></span> <span class='ocrx_word' id='word_1_50' title='bbox 927 1147 1110 1210; x_wconf 89' lang='lat' dir='ltr'><strong>modi</strong></span> <span class='ocrx_word' id='word_1_51' title='bbox 1143 1147 1535 1232; x_wconf 79' lang='lat' dir='ltr'><strong>conjunctivi</strong></span> <span class='ocrx_word' id='word_1_52' title='bbox 1572 1167 1688 1228; x_wconf 89' lang='lat' dir='ltr'><strong>per</strong></span> <span class='ocrx_word' id='word_1_53' title='bbox 1722 1147 1936 1208; x_wconf 87' lang='lat' dir='ltr'><strong>solum</strong></span> <span class='ocrx_word' id='word_1_54' title='bbox 1973 1167 2335 1230; x_wconf 81' lang='lat' dir='ltr'><strong>pronomen</strong></span> <span class='ocrx_word' id='word_1_55' title='bbox 2376 1167 2523 1227; x_wconf 90' lang='lat' dir='ltr'><strong>per-</strong></span> 
     </span>
     <span class='ocr_line' id='line_1_10' title="bbox 375 1229 2523 1330; baseline 0 -21"><span class='ocrx_word' id='word_1_56' title='bbox 375 1249 595 1311; x_wconf 83' lang='lat' dir='ltr'><strong>sonale</strong></span> <span class='ocrx_word' id='word_1_57' title='bbox 649 1271 802 1330; x_wconf 86' lang='lat' dir='ltr'><strong>ego,</strong></span> <span class='ocrx_word' id='word_1_58' title='bbox 833 1229 957 1322; x_wconf 58' lang='lat' dir='ltr'><strong>tu,</strong></span> <span class='ocrx_word' id='word_1_59' title='bbox 999 1248 1146 1323; x_wconf 88' lang='lat' dir='ltr'><strong>ille,</strong></span> <span class='ocrx_word' id='word_1_60' title='bbox 1193 1271 1354 1323; x_wconf 88' lang='lat' dir='ltr'><strong>nos,</strong></span> <span class='ocrx_word' id='word_1_61' title='bbox 1395 1269 1549 1322; x_wconf 80' lang='lat' dir='ltr'><strong>vos,</strong></span> <span class='ocrx_word' id='word_1_62' title='bbox 1608 1246 1743 1322; x_wconf 69' lang='lat' dir='ltr'><strong>illi,</strong></span> <span class='ocrx_word' id='word_1_63' title='bbox 1795 1249 2135 1320; x_wconf 86' lang='lat' dir='ltr'><strong>discernit,</strong></span> <span class='ocrx_word' id='word_1_64' title='bbox 2177 1251 2267 1312; x_wconf 91' lang='lat' dir='ltr'><strong>sic</strong></span> <span class='ocrx_word' id='word_1_65' title='bbox 2312 1247 2523 1310; x_wconf 87' lang='lat' dir='ltr'><strong>italica</strong></span> 
     </span>
     <span class='ocr_line' id='line_1_11' title="bbox 376 1343 2525 1436; baseline 0 -26"><span class='ocrx_word' id='word_1_66' title='bbox 376 1352 630 1412; x_wconf 82' lang='lat' dir='ltr'><strong>tertiam</strong></span> <span class='ocrx_word' id='word_1_67' title='bbox 685 1371 1030 1433; x_wconf 69' lang='lat' dir='ltr'><strong>personam</strong></span> <span class='ocrx_word' id='word_1_68' title='bbox 1079 1343 1471 1436; x_wconf 73' lang='lat' dir='ltr'><strong>singularem</strong></span> <span class='ocrx_word' id='word_1_69' title='bbox 1521 1350 1842 1434; x_wconf 88' lang='lat' dir='ltr'><strong>praeteriti</strong></span> <span class='ocrx_word' id='word_1_70' title='bbox 1894 1353 2205 1433; x_wconf 85' lang='lat' dir='ltr'><strong>temporis</strong></span> <span class='ocrx_word' id='word_1_71' title='bbox 2244 1373 2280 1412; x_wconf 85' lang='lat' dir='ltr'><strong>a</strong></span> <span class='ocrx_word' id='word_1_72' title='bbox 2312 1350 2525 1435; x_wconf 88' lang='lat' dir='ltr'><strong>prima</strong></span> 
     </span>
     <span class='ocr_line' id='line_1_12' title="bbox 378 1452 2525 1537; baseline 0.001 -25"><span class='ocrx_word' id='word_1_73' title='bbox 378 1452 684 1534; x_wconf 82' lang='lat' dir='ltr'><strong>singulari</strong></span> <span class='ocrx_word' id='word_1_74' title='bbox 708 1454 1058 1536; x_wconf 82' lang='lat' dir='ltr'><strong>praesentis</strong></span> <span class='ocrx_word' id='word_1_75' title='bbox 1097 1454 1279 1517; x_wconf 88' lang='lat' dir='ltr'><strong>modi</strong></span> <span class='ocrx_word' id='word_1_76' title='bbox 1313 1454 1638 1516; x_wconf 87' lang='lat' dir='ltr'><strong>indicativi</strong></span> <span class='ocrx_word' id='word_1_77' title='bbox 1684 1453 2028 1520; x_wconf 83' lang='lat' dir='ltr'><strong>verborum</strong></span> <span class='ocrx_word' id='word_1_78' title='bbox 2069 1455 2323 1537; x_wconf 80' lang='lat' dir='ltr'><strong>primae</strong></span> <span class='ocrx_word' id='word_1_79' title='bbox 2370 1472 2525 1515; x_wconf 89' lang='lat' dir='ltr'><strong>con-</strong></span> 
     </span>
     <span class='ocr_line' id='line_1_13' title="bbox 349 1553 2523 1639; baseline 0.001 -27"><span class='ocrx_word' id='word_1_80' title='bbox 349 1553 716 1637; x_wconf 66' lang='lat' dir='ltr'><strong>„jugationis</strong></span> <span class='ocrx_word' id='word_1_81' title='bbox 766 1577 884 1639; x_wconf 78' lang='lat' dir='ltr'><strong>per</strong></span> <span class='ocrx_word' id='word_1_82' title='bbox 954 1555 1167 1620; x_wconf 87' lang='lat' dir='ltr'><strong>solnm</strong></span> <span class='ocrx_word' id='word_1_83' title='bbox 1229 1570 1565 1620; x_wconf 85' lang='lat' dir='ltr'><strong>accentum</strong></span> <span class='ocrx_word' id='word_1_84' title='bbox 1620 1553 2056 1631; x_wconf 77' lang='lat' dir='ltr'><strong>discriminat3</strong></span> <span class='ocrx_word' id='word_1_85' title='bbox 2104 1556 2195 1618; x_wconf 86' lang='lat' dir='ltr'><strong>sic</strong></span> <span class='ocrx_word' id='word_1_86' title='bbox 2243 1555 2523 1638; x_wconf 88' lang='lat' dir='ltr'><strong>denique</strong></span> 
     </span>
     <span class='ocr_line' id='line_1_14' title="bbox 373 1653 2529 1744; baseline 0.001 -26"><span class='ocrx_word' id='word_1_87' title='bbox 373 1653 647 1720; x_wconf 84' lang='lat' dir='ltr'><strong>hebraea</strong></span> <span class='ocrx_word' id='word_1_88' title='bbox 681 1657 956 1722; x_wconf 83' lang='lat' dir='ltr'><strong>modum</strong></span> <span class='ocrx_word' id='word_1_89' title='bbox 999 1661 1481 1743; x_wconf 78' lang='lat' dir='ltr'><strong>conjunctivum</strong></span> <span class='ocrx_word' id='word_1_90' title='bbox 1518 1659 1597 1722; x_wconf 85' lang='lat' dir='ltr'><strong>ab</strong></span> <span class='ocrx_word' id='word_1_91' title='bbox 1636 1659 1982 1722; x_wconf 73' lang='lat' dir='ltr'><strong>indicativo</strong></span> <span class='ocrx_word' id='word_1_92' title='bbox 2024 1678 2142 1744; x_wconf 90' lang='lat' dir='ltr'><strong>per</strong></span> <span class='ocrx_word' id='word_1_93' title='bbox 2172 1656 2339 1721; x_wconf 91' lang='lat' dir='ltr'><strong>solas</strong></span> <span class='ocrx_word' id='word_1_94' title='bbox 2374 1679 2529 1720; x_wconf 86' lang='lat' dir='ltr'><strong>con·</strong></span> 
     </span>
     <span class='ocr_line' id='line_1_15' title="bbox 375 1757 2526 1844; baseline 0 -23"><span class='ocrx_word' id='word_1_95' title='bbox 375 1757 738 1841; x_wconf 83' lang='lat' dir='ltr'><strong>junctiones</strong></span> <span class='ocrx_word' id='word_1_96' title='bbox 791 1761 1346 1844; x_wconf 80' lang='lat' dir='ltr'><strong>verbis‘praefixas</strong></span> <span class='ocrx_word' id='word_1_97' title='bbox 1407 1762 1685 1836; x_wconf 82' lang='lat' dir='ltr'><strong>dirimit,</strong></span> <span class='ocrx_word' id='word_1_98' title='bbox 1730 1761 1947 1842; x_wconf 84' lang='lat' dir='ltr'><strong>graeca</strong></span> <span class='ocrx_word' id='word_1_99' title='bbox 1993 1759 2207 1823; x_wconf 73' lang='lat' dir='ltr'><strong>a‘utem</strong></span> <span class='ocrx_word' id='word_1_100' title='bbox 2248 1761 2526 1823; x_wconf 90' lang='lat' dir='ltr'><strong>modum</strong></span> 
     </span>
     <span class='ocr_line' id='line_1_16' title="bbox 372 1859 2529 1958; baseline 0 -34"><span class='ocrx_word' id='word_1_101' title='bbox 372 1861 790 1958; x_wconf 78' lang='lat' dir='ltr'><strong>potentialem</strong></span> <span class='ocrx_word' id='word_1_102' title='bbox 824 1886 939 1947; x_wconf 89' lang='lat' dir='ltr'><strong>per</strong></span> <span class='ocrx_word' id='word_1_103' title='bbox 966 1864 1172 1927; x_wconf 85' lang='lat' dir='ltr'><strong>solam</strong></span> <span class='ocrx_word' id='word_1_104' title='bbox 1206 1863 1585 1948; x_wconf 85' lang='lat' dir='ltr'><strong>particulam</strong></span> <span class='ocrx_word' id='word_1_105' title='bbox 1619 1885 1707 1925; x_wconf 84' lang='lat' dir='ltr'><strong>an</strong></span> <span class='ocrx_word' id='word_1_106' title='bbox 1743 1859 2282 1926; x_wconf 74' lang='lat' dir='ltr'><strong>verbis‘suffixam</strong></span> <span class='ocrx_word' id='word_1_107' title='bbox 2320 1861 2529 1945; x_wconf 67' lang='lat' dir='ltr'><strong>expri⁴</strong></span> 
     </span>
     <span class='ocr_line' id='line_1_17' title="bbox 375 1965 2529 2052; baseline 0 -28"><span class='ocrx_word' id='word_1_108' title='bbox 375 1965 516 2028; x_wconf 83' lang='lat' dir='ltr'><strong>mit.</strong></span> <span class='ocrx_word' id='word_1_109' title='bbox 547 1965 668 2028; x_wconf 87' lang='lat' dir='ltr'><strong>His</strong></span> <span class='ocrx_word' id='word_1_110' title='bbox 703 1965 856 2046; x_wconf 82' lang='lat' dir='ltr'><strong>jam&#39;</strong></span> <span class='ocrx_word' id='word_1_111' title='bbox 870 1967 1241 2049; x_wconf 61' lang='lat' dir='ltr'><strong>prfflnissis</strong></span> <span class='ocrx_word' id='word_1_112' title='bbox 1269 1965 1452 2028; x_wconf 86' lang='lat' dir='ltr'><strong>facile</strong></span> <span class='ocrx_word' id='word_1_113' title='bbox 1488 1965 1915 2052; x_wconf 76' lang='lat' dir='ltr'><strong>determinare</strong></span> <span class='ocrx_word' id='word_1_114' title='bbox 1945 1987 2318 2052; x_wconf 85' lang='lat' dir='ltr'><strong>possumus,</strong></span> <span class='ocrx_word' id='word_1_115' title='bbox 2338 1985 2529 2048; x_wconf 87' lang='lat' dir='ltr'><strong>quas-</strong></span> 
     </span>
     <span class='ocr_line' id='line_1_18' title="bbox 376 2065 2526 2182; baseline -0 -55"><span class='ocrx_word' id='word_1_116' title='bbox 376 2082 529 2128; x_wconf 85' lang='lat' dir='ltr'><strong>nam</strong></span> <span class='ocrx_word' id='word_1_117' title='bbox 566 2066 748 2129; x_wconf 81' lang='lat' dir='ltr'><strong>dote&#39;s</strong></span> <span class='ocrx_word' id='word_1_118' title='bbox 780 2067 996 2149; x_wconf 86' lang='lat' dir='ltr'><strong>lingua</strong></span> <span class='ocrx_word' id='word_1_119' title='bbox 1033 2068 1408 2130; x_wconf 81' lang='lat' dir='ltr'><strong>universalis</strong></span> <span class='ocrx_word' id='word_1_120' title='bbox 1431 2110 1470 2140; x_wconf 91' lang='grc'><em>,</em></span> <span class='ocrx_word' id='word_1_121' title='bbox 1496 2078 1659 2150; x_wconf 82' lang='lat' dir='ltr'><strong>quae</strong></span> <span class='ocrx_word' id='word_1_122' title='bbox 1710 2068 1932 2128; x_wconf 87' lang='lat' dir='ltr'><strong>o&#39;mnia</strong></span> <span class='ocrx_word' id='word_1_123' title='bbox 1977 2065 2310 2182; x_wconf 88' lang='lat' dir='ltr'><strong>possibilia</strong></span> <span class='ocrx_word' id='word_1_124' title='bbox 2348 2077 2526 2127; x_wconf 74' lang='lat' dir='ltr'><strong>com·—</strong></span> 
     </span>
     <span class='ocr_line' id='line_1_19' title="bbox 376 2168 1516 2252; baseline -0.002 -21"><span class='ocrx_word' id='word_1_125' title='bbox 376 2168 619 2251; x_wconf 83' lang='lat' dir='ltr'><strong>pendia</strong></span> <span class='ocrx_word' id='word_1_126' title='bbox 645 2171 966 2252; x_wconf 81' lang='lat' dir='ltr'><strong>requirit,</strong></span> <span class='ocrx_word' id='word_1_127' title='bbox 997 2169 1233 2232; x_wconf 76' lang='lat' dir='ltr'><strong>ha&#39;b&#39;ere</strong></span> <span class='ocrx_word' id='word_1_128' title='bbox 1272 2169 1516 2231; x_wconf 90' lang='lat' dir='ltr'><strong>debeat.</strong></span> 
     </span>
    </p>

    <p class='ocr_par' dir='ltr' id='par_1_3' title="bbox 351 2267 2605 4097">
     <span class='ocr_line' id='line_1_20' title="bbox 419 2267 2526 2351; baseline -0 -20"><span class='ocrx_word' id='word_1_129' title='bbox 419 2281 426 2288; x_wconf 87' lang='grc'><em>·</em></span> <span class='ocrx_word' id='word_1_130' title='bbox 548 2269 691 2334; x_wconf 86' lang='lat' dir='ltr'><strong>Dos</strong></span> <span class='ocrx_word' id='word_1_131' title='bbox 731 2295 788 2332; x_wconf 85' lang='lat'><strong>1.</strong></span> <span class='ocrx_word' id='word_1_132' title='bbox 825 2270 998 2333; x_wconf 88' lang='lat' dir='ltr'><strong>Cum</strong></span> <span class='ocrx_word' id='word_1_133' title='bbox 1031 2269 1235 2332; x_wconf 81' lang='lat' dir='ltr'><strong>unum</strong></span> <span class='ocrx_word' id='word_1_134' title='bbox 1268 2268 1575 2351; x_wconf 88' lang='lat' dir='ltr'><strong>idemque</strong></span> <span class='ocrx_word' id='word_1_135' title='bbox 1607 2267 1981 2350; x_wconf 88' lang='lat' dir='ltr'><strong>objectum</strong></span> <span class='ocrx_word' id='word_1_136' title='bbox 1964 2291 2031 2331; x_wconf 85' lang='lat' dir='ltr'><strong>m</strong></span> <span class='ocrx_word' id='word_1_137' title='bbox 2073 2289 2389 2332; x_wconf 88' lang='lat' dir='ltr'><strong>sermone·</strong></span> <span class='ocrx_word' id='word_1_138' title='bbox 2405 2267 2526 2330; x_wconf 88' lang='lat' dir='ltr'><strong>hu·</strong></span> 
     </span>
     <span class='ocr_line' id='line_1_21' title="bbox 363 2369 2529 2456; baseline -0.003 -15"><span class='ocrx_word' id='word_1_139' title='bbox 363 2375 576 2441; x_wconf 77' lang='lat' dir='ltr'><strong>‚mano</strong></span> <span class='ocrx_word' id='word_1_140' title='bbox 620 2369 845 2437; x_wconf 86' lang='lat' dir='ltr'><strong>decem</strong></span> <span class='ocrx_word' id='word_1_141' title='bbox 883 2371 1164 2437; x_wconf 81' lang='lat' dir='ltr'><strong>diversas</strong></span> <span class='ocrx_word' id='word_1_142' title='bbox 1194 2370 1535 2435; x_wconf 83' lang='lat' dir='ltr'><strong>relationes</strong></span> <span class='ocrx_word' id='word_1_143' title='bbox 1569 2369 1805 2435; x_wconf 87' lang='lat' dir='ltr'><strong>habere</strong></span> <span class='ocrx_word' id='word_1_144' title='bbox 1840 2373 2081 2456; x_wconf 85' lang='lat' dir='ltr'><strong>possit,</strong></span> <span class='ocrx_word' id='word_1_145' title='bbox 2115 2392 2355 2455; x_wconf 88' lang='lat' dir='ltr'><strong>nempe</strong></span> <span class='ocrx_word' id='word_1_146' title='bbox 2397 2373 2529 2455; x_wconf 90' lang='lat' dir='ltr'><strong>pri-</strong></span> 
     </span>
     <span class='ocr_line' id='line_1_22' title="bbox 375 2474 2527 2560; baseline -0 -23"><span class='ocrx_word' id='word_1_147' title='bbox 375 2496 489 2538; x_wconf 88' lang='lat' dir='ltr'><strong>mo</strong></span> <span class='ocrx_word' id='word_1_148' title='bbox 545 2498 672 2559; x_wconf 85' lang='lat' dir='ltr'><strong>qua</strong></span> <span class='ocrx_word' id='word_1_149' title='bbox 706 2475 977 2539; x_wconf 88' lang='lat' dir='ltr'><strong>verbum</strong></span> <span class='ocrx_word' id='word_1_150' title='bbox 1026 2490 1328 2555; x_wconf 69' lang='lat' dir='ltr'><strong>neutrum</strong></span> <span class='ocrx_word' id='word_1_151' title='bbox 1367 2486 1433 2536; x_wconf 90' lang='lat' dir='ltr'><strong>ut</strong></span> <span class='ocrx_word' id='word_1_152' title='bbox 1484 2478 1725 2549; x_wconf 77' lang='lat' dir='ltr'><strong>existo,</strong></span> <span class='ocrx_word' id='word_1_153' title='bbox 1775 2474 2062 2538; x_wconf 87' lang='lat' dir='ltr'><strong>secundo</strong></span> <span class='ocrx_word' id='word_1_154' title='bbox 2096 2496 2225 2560; x_wconf 89' lang='lat' dir='ltr'><strong>qua</strong></span> <span class='ocrx_word' id='word_1_155' title='bbox 2258 2475 2527 2538; x_wconf 88' lang='lat' dir='ltr'><strong>verbum</strong></span> 
     </span>
     <span class='ocr_line' id='line_1_23' title="bbox 377 2564 2530 2662; baseline 0 -23"><span class='ocrx_word' id='word_1_156' title='bbox 377 2577 656 2640; x_wconf 83' lang='lat' dir='ltr'><strong>activum</strong></span> <span class='ocrx_word' id='word_1_157' title='bbox 699 2590 768 2641; x_wconf 90' lang='lat' dir='ltr'><strong>ut</strong></span> <span class='ocrx_word' id='word_1_158' title='bbox 818 2564 994 2659; x_wconf 53' lang='lat' dir='ltr'><strong>ago&#39;,³</strong></span> <span class='ocrx_word' id='word_1_159' title='bbox 1043 2580 1233 2641; x_wconf 67' lang='lat' dir='ltr'><strong>ter-&#39;tid</strong></span> <span class='ocrx_word' id='word_1_160' title='bbox 1261 2588 1410 2662; x_wconf 67' lang='lat' dir='ltr'><strong>‘qua</strong></span> <span class='ocrx_word' id='word_1_161' title='bbox 1454 2577 1723 2641; x_wconf 84' lang='lat' dir='ltr'><strong>verbum</strong></span> <span class='ocrx_word' id='word_1_162' title='bbox 1776 2576 2161 2661; x_wconf 78' lang='lat' dir='ltr'><strong>passisivum</strong></span> <span class='ocrx_word' id='word_1_163' title='bbox 2214 2591 2286 2641; x_wconf 90' lang='lat' dir='ltr'><strong>ut</strong></span> <span class='ocrx_word' id='word_1_164' title='bbox 2332 2599 2530 2659; x_wconf 82' lang='lat' dir='ltr'><strong>agor,</strong></span> 
     </span>
     <span class='ocr_line' id='line_1_24' title="bbox 375 2678 2529 2765; baseline 0 -24"><span class='ocrx_word' id='word_1_165' title='bbox 375 2692 602 2763; x_wconf 86' lang='lat' dir='ltr'><strong>quarto</strong></span> <span class='ocrx_word' id='word_1_166' title='bbox 643 2699 772 2765; x_wconf 81' lang='lat' dir='ltr'><strong>qua</strong></span> <span class='ocrx_word' id='word_1_167' title='bbox 817 2678 1284 2744; x_wconf 71' lang='lat' dir='ltr'><strong>substantivum</strong></span> <span class='ocrx_word' id='word_1_168' title='bbox 1322 2681 1711 2744; x_wconf 79' lang='lat' dir='ltr'><strong>abstractum</strong></span> <span class='ocrx_word' id='word_1_169' title='bbox 1748 2696 1817 2743; x_wconf 90' lang='lat' dir='ltr'><strong>ut</strong></span> <span class='ocrx_word' id='word_1_170' title='bbox 1854 2683 2066 2751; x_wconf 78' lang='lat' dir='ltr'><strong>actio,</strong></span> <span class='ocrx_word' id='word_1_171' title='bbox 2098 2682 2347 2765; x_wconf 71' lang='lat' dir='ltr'><strong>‘quinto</strong></span> <span class='ocrx_word' id='word_1_172' title='bbox 2400 2699 2529 2764; x_wconf 89' lang='lat' dir='ltr'><strong>qua</strong></span> 
     </span>
     <span class='ocr_line' id='line_1_25' title="bbox 375 2780 2529 2866; baseline -0.001 -20"><span class='ocrx_word' id='word_1_173' title='bbox 375 2780 843 2846; x_wconf 84' lang='lat' dir='ltr'><strong>substantivum</strong></span> <span class='ocrx_word' id='word_1_174' title='bbox 879 2794 1252 2847; x_wconf 80' lang='lat' dir='ltr'><strong>concretum</strong></span> <span class='ocrx_word' id='word_1_175' title='bbox 1287 2785 1562 2847; x_wconf 79' lang='lat' dir='ltr'><strong>activum</strong></span> <span class='ocrx_word' id='word_1_176' title='bbox 1586 2798 1655 2846; x_wconf 92' lang='lat' dir='ltr'><strong>ut</strong></span> <span class='ocrx_word' id='word_1_177' title='bbox 1674 2796 1876 2858; x_wconf 79' lang='lat' dir='ltr'><strong>actor,</strong></span> <span class='ocrx_word' id='word_1_178' title='bbox 1895 2798 2067 2846; x_wconf 89' lang='lat' dir='ltr'><strong>sexto</strong></span> <span class='ocrx_word' id='word_1_179' title='bbox 2090 2806 2216 2866; x_wconf 87' lang='lat' dir='ltr'><strong>qua</strong></span> <span class='ocrx_word' id='word_1_180' title='bbox 2235 2782 2529 2845; x_wconf 84' lang='lat' dir='ltr'><strong>substan·-</strong></span> 
     </span>
     <span class='ocr_line' id='line_1_26' title="bbox 371 2882 2605 2968; baseline -0 -23"><span class='ocrx_word' id='word_1_181' title='bbox 371 2885 576 2947; x_wconf 88' lang='lat' dir='ltr'><strong>tivum</strong></span> <span class='ocrx_word' id='word_1_182' title='bbox 607 2892 978 2949; x_wconf 66' lang='lat' dir='ltr'><strong>concretum</strong></span> <span class='ocrx_word' id='word_1_183' title='bbox 1003 2887 1339 2968; x_wconf 75' lang='lat' dir='ltr'><strong>&#39;passivum</strong></span> <span class='ocrx_word' id='word_1_184' title='bbox 1377 2900 1446 2947; x_wconf 90' lang='lat' dir='ltr'><strong>ut</strong></span> <span class='ocrx_word' id='word_1_185' title='bbox 1473 2898 1725 2958; x_wconf 78' lang='lat' dir='ltr'><strong>aetum,</strong></span> <span class='ocrx_word' id='word_1_186' title='bbox 1770 2886 2048 2967; x_wconf 86' lang='lat' dir='ltr'><strong>septimo</strong></span> <span class='ocrx_word' id='word_1_187' title='bbox 2103 2904 2227 2967; x_wconf 87' lang='lat' dir='ltr'><strong>qua</strong></span> <span class='ocrx_word' id='word_1_188' title='bbox 2260 2882 2527 2964; x_wconf 82' lang='lat' dir='ltr'><strong>adjecti·</strong></span> <span class='ocrx_word' id='word_1_189' title='bbox 2600 2963 2605 2966; x_wconf 32' lang='grc'>-</span> 
     </span>
     <span class='ocr_line' id='line_1_27' title="bbox 378 2980 2526 3071; baseline -0.001 -21"><span class='ocrx_word' id='word_1_190' title='bbox 378 3008 531 3050; x_wconf 85' lang='lat' dir='ltr'><strong>vum</strong></span> <span class='ocrx_word' id='word_1_191' title='bbox 564 3001 636 3051; x_wconf 90' lang='lat' dir='ltr'><strong>ut</strong></span> <span class='ocrx_word' id='word_1_192' title='bbox 669 2980 944 3062; x_wconf 69' lang='lat' dir='ltr'><strong>activus,</strong></span> <span class='ocrx_word' id='word_1_193' title='bbox 983 3000 1212 3051; x_wconf 81' lang='lat' dir='ltr'><strong>octavo</strong></span> <span class='ocrx_word' id='word_1_194' title='bbox 1243 3008 1370 3071; x_wconf 89' lang='lat' dir='ltr'><strong>qua</strong></span> <span class='ocrx_word' id='word_1_195' title='bbox 1403 2986 1779 3049; x_wconf 84' lang='lat' dir='ltr'><strong>adverbium</strong></span> <span class='ocrx_word' id='word_1_196' title='bbox 1812 3000 1884 3047; x_wconf 89' lang='lat' dir='ltr'><strong>ut</strong></span> <span class='ocrx_word' id='word_1_197' title='bbox 1916 2988 2154 3061; x_wconf 74' lang='lat' dir='ltr'><strong>activo,</strong></span> <span class='ocrx_word' id='word_1_198' title='bbox 2189 3006 2367 3048; x_wconf 87' lang='lat' dir='ltr'><strong>nono</strong></span> <span class='ocrx_word' id='word_1_199' title='bbox 2400 3005 2526 3068; x_wconf 88' lang='lat' dir='ltr'><strong>qua</strong></span> 
     </span>
     <span class='ocr_line' id='line_1_28' title="bbox 375 3070 2525 3176; baseline -0 -25"><span class='ocrx_word' id='word_1_200' title='bbox 375 3088 785 3176; x_wconf 83' lang='lat' dir='ltr'><strong>participium</strong></span> <span class='ocrx_word' id='word_1_201' title='bbox 815 3070 1096 3153; x_wconf 72' lang='lat' dir='ltr'><strong>activum</strong></span> <span class='ocrx_word' id='word_1_202' title='bbox 1134 3104 1204 3151; x_wconf 91' lang='lat' dir='ltr'><strong>ut</strong></span> <span class='ocrx_word' id='word_1_203' title='bbox 1227 3094 1424 3169; x_wconf 70' lang='lat' dir='ltr'><strong>&#39;agens</strong></span> <span class='ocrx_word' id='word_1_204' title='bbox 1441 3133 1466 3162; x_wconf 85' lang='lat'><strong>,</strong></span> <span class='ocrx_word' id='word_1_205' title='bbox 1504 3073 1762 3151; x_wconf 87' lang='lat' dir='ltr'><strong>decimo</strong></span> <span class='ocrx_word' id='word_1_206' title='bbox 1798 3086 2077 3171; x_wconf 88' lang='lat' dir='ltr'><strong>denique</strong></span> <span class='ocrx_word' id='word_1_207' title='bbox 2106 3074 2238 3173; x_wconf 69' lang='lat' dir='ltr'><strong>qua</strong></span> <span class='ocrx_word' id='word_1_208' title='bbox 2268 3089 2525 3171; x_wconf 87' lang='lat' dir='ltr'><strong>partici-</strong></span> 
     </span>
     <span class='ocr_line' id='line_1_29' title="bbox 375 3188 2524 3279; baseline 0 -26"><span class='ocrx_word' id='word_1_209' title='bbox 375 3192 556 3274; x_wconf 88' lang='lat' dir='ltr'><strong>pium</strong></span> <span class='ocrx_word' id='word_1_210' title='bbox 581 3192 915 3279; x_wconf 87' lang='lat' dir='ltr'><strong>passivum</strong></span> <span class='ocrx_word' id='word_1_211' title='bbox 931 3206 1002 3255; x_wconf 90' lang='lat' dir='ltr'><strong>ut</strong></span> <span class='ocrx_word' id='word_1_212' title='bbox 1024 3204 1236 3256; x_wconf 74' lang='lat' dir='ltr'><strong>actus:</strong></span> <span class='ocrx_word' id='word_1_213' title='bbox 1273 3190 1426 3252; x_wconf 90' lang='lat' dir='ltr'><strong>hinc</strong></span> <span class='ocrx_word' id='word_1_214' title='bbox 1459 3188 2326 3278; x_wconf 59' lang='lat' dir='ltr'><strong>diversasffiascujuscunque</strong></span> <span class='ocrx_word' id='word_1_215' title='bbox 2348 3191 2524 3274; x_wconf 83' lang='lat' dir='ltr'><strong>obje-</strong></span> 
     </span>
     <span class='ocr_line' id='line_1_30' title="bbox 377 3290 2522 3379; baseline -0 -23"><span class='ocrx_word' id='word_1_216' title='bbox 377 3295 460 3356; x_wconf 85' lang='lat' dir='ltr'><strong>cti</strong></span> <span class='ocrx_word' id='word_1_217' title='bbox 497 3294 838 3357; x_wconf 85' lang='lat' dir='ltr'><strong>relationes</strong></span> <span class='ocrx_word' id='word_1_218' title='bbox 871 3295 937 3357; x_wconf 87' lang='lat' dir='ltr'><strong>in</strong></span> <span class='ocrx_word' id='word_1_219' title='bbox 971 3295 1186 3377; x_wconf 85' lang='lat' dir='ltr'><strong>lingua</strong></span> <span class='ocrx_word' id='word_1_220' title='bbox 1219 3292 1562 3379; x_wconf 84' lang='lat' dir='ltr'><strong>universali</strong></span> <span class='ocrx_word' id='word_1_221' title='bbox 1594 3290 2031 3356; x_wconf 71' lang='lat' dir='ltr'><strong>solae&#39;vocales</strong></span> <span class='ocrx_word' id='word_1_222' title='bbox 2060 3293 2379 3356; x_wconf 84' lang='lat' dir='ltr'><strong>radicibus</strong></span> <span class='ocrx_word' id='word_1_223' title='bbox 2410 3292 2522 3356; x_wconf 89' lang='lat' dir='ltr'><strong>ha-</strong></span> 
     </span>
     <span class='ocr_line' id='line_1_31' title="bbox 374 3393 2523 3480; baseline -0.001 -20"><span class='ocrx_word' id='word_1_224' title='bbox 374 3416 522 3460; x_wconf 87' lang='lat' dir='ltr'><strong>rum</strong></span> <span class='ocrx_word' id='word_1_225' title='bbox 569 3394 955 3461; x_wconf 74' lang='lat' dir='ltr'><strong>relationum</strong></span> <span class='ocrx_word' id='word_1_226' title='bbox 997 3397 1335 3480; x_wconf 83' lang='lat' dir='ltr'><strong>capacibus</strong></span> <span class='ocrx_word' id='word_1_227' title='bbox 1389 3393 1651 3460; x_wconf 86' lang='lat' dir='ltr'><strong>suffixae</strong></span> <span class='ocrx_word' id='word_1_228' title='bbox 1706 3404 1783 3458; x_wconf 84' lang='lat' dir='ltr'><strong>eo</strong></span> <span class='ocrx_word' id='word_1_229' title='bbox 1831 3396 2057 3459; x_wconf 89' lang='lat' dir='ltr'><strong>ordine</strong></span> <span class='ocrx_word' id='word_1_230' title='bbox 2109 3397 2386 3459; x_wconf 90' lang='lat' dir='ltr'><strong>invicem</strong></span> <span class='ocrx_word' id='word_1_231' title='bbox 2425 3397 2523 3460; x_wconf 88' lang='lat' dir='ltr'><strong>di-</strong></span> 
     </span>
     <span class='ocr_line' id='line_1_32' title="bbox 371 3499 2598 3582; baseline 0 -22"><span class='ocrx_word' id='word_1_232' title='bbox 371 3499 861 3575; x_wconf 61' lang='lat' dir='ltr'><strong>scriminab&#39;unt,</strong></span> <span class='ocrx_word' id='word_1_233' title='bbox 881 3514 1010 3562; x_wconf 86' lang='lat' dir='ltr'><strong>uta</strong></span> <span class='ocrx_word' id='word_1_234' title='bbox 1031 3501 1111 3563; x_wconf 82' lang='lat' dir='ltr'><strong>sit</strong></span> <span class='ocrx_word' id='word_1_235' title='bbox 1130 3500 1336 3562; x_wconf 86' lang='lat' dir='ltr'><strong>verbis</strong></span> <span class='ocrx_word' id='word_1_236' title='bbox 1357 3500 1577 3563; x_wconf 79' lang='lat' dir='ltr'><strong>activis</strong></span> <span class='ocrx_word' id='word_1_237' title='bbox 1608 3513 1669 3561; x_wconf 88' lang='lat' dir='ltr'><strong>et</strong></span> <span class='ocrx_word' id='word_1_238' title='bbox 1686 3500 1951 3569; x_wconf 85' lang='lat' dir='ltr'><strong>neutris,</strong></span> <span class='ocrx_word' id='word_1_239' title='bbox 1978 3514 2173 3582; x_wconf 91' lang='lat' dir='ltr'><strong>prout</strong></span> <span class='ocrx_word' id='word_1_240' title='bbox 2205 3500 2269 3560; x_wconf 78' lang='lat' dir='ltr'><strong>in</strong></span> <span class='ocrx_word' id='word_1_241' title='bbox 2299 3499 2518 3581; x_wconf 85' lang='lat' dir='ltr'><strong>lingua</strong></span> <span class='ocrx_word' id='word_1_242' title='bbox 2575 3532 2598 3570; x_wconf 79' lang='grc'><strong>·-,</strong></span> 
     </span>
     <span class='ocr_line' id='line_1_33' title="bbox 367 3586 2521 3685; baseline 0.002 -24"><span class='ocrx_word' id='word_1_243' title='bbox 367 3599 760 3677; x_wconf 74' lang='lat' dir='ltr'><strong>hebraea,·iz’</strong></span> <span class='ocrx_word' id='word_1_244' title='bbox 797 3602 1014 3665; x_wconf 80' lang='lat' dir='ltr'><strong>verbls&#39;</strong></span> <span class='ocrx_word' id='word_1_245' title='bbox 1048 3586 1351 3684; x_wconf 73' lang='lat' dir='ltr'><strong>passivis,</strong></span> <span class='ocrx_word' id='word_1_246' title='bbox 1396 3624 1433 3664; x_wconf 88' lang='lat' dir='ltr'><strong>o</strong></span> <span class='ocrx_word' id='word_1_247' title='bbox 1474 3602 1830 3685; x_wconf 85' lang='lat' dir='ltr'><strong>participiis</strong></span> <span class='ocrx_word' id='word_1_248' title='bbox 1884 3602 2103 3666; x_wconf 81' lang='lat' dir='ltr'><strong>activis</strong></span> <span class='ocrx_word' id='word_1_249' title='bbox 2140 3615 2201 3665; x_wconf 87' lang='lat' dir='ltr'><strong>et</strong></span> <span class='ocrx_word' id='word_1_250' title='bbox 2238 3603 2477 3665; x_wconf 87' lang='lat' dir='ltr'><strong>neutris</strong></span> <span class='ocrx_word' id='word_1_251' title='bbox 2499 3644 2521 3677; x_wconf 87' lang='lat'><strong>,</strong></span> 
     </span>
     <span class='ocr_line' id='line_1_34' title="bbox 368 3704 2513 3787; baseline 0.002 -24"><span class='ocrx_word' id='word_1_252' title='bbox 368 3716 566 3785; x_wconf 89' lang='lat' dir='ltr'><strong>prout</strong></span> <span class='ocrx_word' id='word_1_253' title='bbox 593 3704 700 3780; x_wconf 30' lang='lat' dir='ltr'><strong>,in-</strong></span> <span class='ocrx_word' id='word_1_254' title='bbox 735 3708 991 3786; x_wconf 79' lang='lat' dir='ltr'><strong>graec’a,</strong></span> <span class='ocrx_word' id='word_1_255' title='bbox 1035 3712 1076 3766; x_wconf 81' lang='grc' dir='ltr'><strong>ὅ</strong></span> <span class='ocrx_word' id='word_1_256' title='bbox 1103 3704 1514 3767; x_wconf 72' lang='lat' dir='ltr'><strong>substantivis</strong></span> <span class='ocrx_word' id='word_1_257' title='bbox 1565 3707 1879 3768; x_wconf 85' lang='lat' dir='ltr'><strong>concretis</strong></span> <span class='ocrx_word' id='word_1_258' title='bbox 1928 3705 2185 3785; x_wconf 77' lang='lat' dir='ltr'><strong>activis,</strong></span> <span class='ocrx_word' id='word_1_259' title='bbox 2224 3718 2417 3787; x_wconf 88' lang='lat' dir='ltr'><strong>prout</strong></span> <span class='ocrx_word' id='word_1_260' title='bbox 2447 3706 2513 3767; x_wconf 90' lang='lat' dir='ltr'><strong>in</strong></span> 
     </span>
     <span class='ocr_line' id='line_1_35' title="bbox 369 3802 2515 3892; baseline 0.002 -27"><span class='ocrx_word' id='word_1_261' title='bbox 369 3802 751 3887; x_wconf 86' lang='lat' dir='ltr'><strong>hungarica,</strong></span> <span class='ocrx_word' id='word_1_262' title='bbox 813 3830 846 3869; x_wconf 78' lang='lat' dir='ltr'><strong>e</strong></span> <span class='ocrx_word' id='word_1_263' title='bbox 895 3802 1298 3871; x_wconf 86' lang='lat' dir='ltr'><strong>substantivis</strong></span> <span class='ocrx_word' id='word_1_264' title='bbox 1337 3808 1707 3882; x_wconf 88' lang='lat' dir='ltr'><strong>abstractis,</strong></span> <span class='ocrx_word' id='word_1_265' title='bbox 1755 3822 1950 3892; x_wconf 89' lang='lat' dir='ltr'><strong>prout</strong></span> <span class='ocrx_word' id='word_1_266' title='bbox 2009 3809 2075 3872; x_wconf 87' lang='lat' dir='ltr'><strong>in</strong></span> <span class='ocrx_word' id='word_1_267' title='bbox 2132 3808 2515 3889; x_wconf 85' lang='lat' dir='ltr'><strong>germanica,</strong></span> 
     </span>
     <span class='ocr_line' id='line_1_36' title="bbox 367 3908 2517 3993; baseline 0 -25"><span class='ocrx_word' id='word_1_268' title='bbox 367 3913 404 3968; x_wconf 69' lang='grc' dir='ltr'><strong>ὅ</strong></span> <span class='ocrx_word' id='word_1_269' title='bbox 435 3908 978 3993; x_wconf 84' lang='lat' dir='ltr'><strong>adverbiis,prout</strong></span> <span class='ocrx_word' id='word_1_270' title='bbox 1009 3908 1140 3971; x_wconf 80' lang='lat' dir='ltr'><strong>fere</strong></span> <span class='ocrx_word' id='word_1_271' title='bbox 1173 3910 1240 3973; x_wconf 87' lang='lat' dir='ltr'><strong>in</strong></span> <span class='ocrx_word' id='word_1_272' title='bbox 1279 3910 1492 3985; x_wconf 85' lang='lat' dir='ltr'><strong>latina,</strong></span> <span class='ocrx_word' id='word_1_273' title='bbox 1526 3912 1551 3971; x_wconf 84' lang='grc' dir='ltr'><strong>ι’</strong></span> <span class='ocrx_word' id='word_1_274' title='bbox 1578 3909 1925 3993; x_wconf 84' lang='lat' dir='ltr'><strong>adjectivis,</strong></span> <span class='ocrx_word' id='word_1_275' title='bbox 1940 3923 2131 3993; x_wconf 86' lang='lat' dir='ltr'><strong>prout</strong></span> <span class='ocrx_word' id='word_1_276' title='bbox 2164 3910 2229 3972; x_wconf 89' lang='lat' dir='ltr'><strong>in</strong></span> <span class='ocrx_word' id='word_1_277' title='bbox 2264 3908 2517 3985; x_wconf 87' lang='lat' dir='ltr'><strong>slavica,</strong></span> 
     </span>
     <span class='ocr_line' id='line_1_37' title="bbox 351 3996 2512 4097; baseline 0.001 -26"><span class='ocrx_word' id='word_1_278' title='bbox 351 4016 412 4070; x_wconf 70' lang='lat' dir='ltr'><strong>ti</strong></span> <span class='ocrx_word' id='word_1_279' title='bbox 450 4010 855 4075; x_wconf 85' lang='lat' dir='ltr'><strong>substantivis</strong></span> <span class='ocrx_word' id='word_1_280' title='bbox 891 4013 1204 4076; x_wconf 87' lang='lat' dir='ltr'><strong>concretis</strong></span> <span class='ocrx_word' id='word_1_281' title='bbox 1241 4014 1530 4097; x_wconf 76' lang='lat' dir='ltr'><strong>passivis,</strong></span> <span class='ocrx_word' id='word_1_282' title='bbox 1560 3996 1753 4097; x_wconf 79' lang='lat' dir='ltr'><strong>prout</strong></span> <span class='ocrx_word' id='word_1_283' title='bbox 1783 4015 1847 4077; x_wconf 90' lang='lat' dir='ltr'><strong>in</strong></span> <span class='ocrx_word' id='word_1_284' title='bbox 1883 4012 2129 4093; x_wconf 85' lang='lat' dir='ltr'><strong>gallica,</strong></span> <span class='ocrx_word' id='word_1_285' title='bbox 2160 4036 2203 4074; x_wconf 87' lang='grc' dir='ltr'>ιι</span> <span class='ocrx_word' id='word_1_286' title='bbox 2235 4012 2512 4095; x_wconf 85' lang='lat' dir='ltr'><strong>denique</strong></span> 
     </span>
    </p>
   </div>
   <div class='ocr_carea' id='block_1_3' title="bbox 369 4114 2422 4253">
    <p class='ocr_par' dir='ltr' id='par_1_4' title="bbox 369 4114 2422 4253">
     <span class='ocr_line' id='line_1_38' title="bbox 369 4114 2422 4199; baseline 0.002 -24"><span class='ocrx_word' id='word_1_287' title='bbox 369 4114 725 4198; x_wconf 72' lang='lat' dir='ltr'><strong>participiis</strong></span> <span class='ocrx_word' id='word_1_288' title='bbox 758 4117 1059 4199; x_wconf 86' lang='lat' dir='ltr'><strong>passivis,</strong></span> <span class='ocrx_word' id='word_1_289' title='bbox 1091 4130 1285 4199; x_wconf 88' lang='lat' dir='ltr'><strong>prout</strong></span> <span class='ocrx_word' id='word_1_290' title='bbox 1320 4116 1388 4178; x_wconf 90' lang='lat' dir='ltr'><strong>in</strong></span> <span class='ocrx_word' id='word_1_291' title='bbox 1421 4115 1731 4192; x_wconf 86' lang='lat' dir='ltr'><strong>hebraea,</strong></span> <span class='ocrx_word' id='word_1_292' title='bbox 1774 4136 2029 4199; x_wconf 87' lang='lat' dir='ltr'><strong>semper</strong></span> <span class='ocrx_word' id='word_1_293' title='bbox 2064 4116 2422 4199; x_wconf 86' lang='lat' dir='ltr'><strong>proprium.</strong></span> 
     </span>
     <span class='ocr_line' id='line_1_39' title="bbox 2074 4214 2112 4253; baseline 0 -8"><span class='ocrx_word' id='word_1_294' title='bbox 2074 4214 2112 4253; x_wconf 72' lang='grc' dir='ltr'><strong>ιιι</strong></span> 
     </span>
    </p>
   </div>
   <div class='ocr_carea' id='block_1_4' title="bbox 2155 4329 2187 4370">
    <p class='ocr_par' dir='ltr' id='par_1_5' title="bbox 2155 4329 2187 4370">
     <span class='ocr_line' id='line_1_40' title="bbox 2155 4329 2187 4370; baseline 0 0"><span class='ocrx_word' id='word_1_295' title='bbox 2155 4329 2187 4370; x_wconf 73' lang='grc' dir='ltr'><strong><em>Ι</em></strong></span> 
     </span>
    </p>
   </div>
  </div>
 </body>
</html>
