3043 4837
1152 331 1643 401 uhi-153³*

310 493 457 562 ›que
487 480 730 560 ratione
759 475 989 540 factam
1021 477 1248 564 fuisse3
1270 499 1450 540 secus
1485 478 1660 540 enim
1696 477 1856 546 sicut
1889 497 1987 539 res
2025 475 2285 538 eaedem
2323 495 2468 537 eos-

331 581 478 644 dem
529 582 864 654 dominos,
902 582 985 644 ita
1031 581 1335 645 vocabula
1390 579 1615 642 eadem
1670 580 1924 643 easdem
1974 578 2461 662 significationes

233 747 242 751 -
330 686 500 767 apud
538 707 764 748 omnes
793 683 1091 749 homines
1126 685 1360 749 habere
1392 683 1736 764 deberent,
1780 683 1955 768 quod
1986 682 2319 745 manifeste
2360 703 2467 742 ex-

327 791 673 872 perientiae
723 783 1048 871 repugnat.
1126 787 1375 854 Verum
1419 801 1615 870 prout
1652 787 1987 860 homines,
2021 787 2089 846 in
2136 771 2471 866 superficie

329 869 532 955 terrae
567 892 872 975 dispersi,
911 892 1418 957 circumstantias
1449 891 1581 974 jam
1614 893 1817 972 magis
1844 891 1975 973 jam
2009 889 2222 950 minus
2262 887 2499 980 cultu-¹

331 1017 439 1056 rae
469 1016 616 1059 suae
651 995 930 1081 faventes
957 996 1128 1058 nacti
1159 975 1340 1070 sunt}
1385 1007 1577 1077 atque
1626 995 1719 1084 sic
1770 993 2017 1075 objecta
2062 991 2471 1076 quotidianae

328 1119 479 1160 suae
511 1099 908 1164 necessitatis
944 1099 1075 1183 jam
1107 1099 1312 1181 magis
1359 1098 1489 1178 jam
1535 1096 1753 1158 minus
1802 1094 2341 1176 multiplicarunt:
2386 1093 2473 1153 ita

327 1200 519 1262 etiam
551 1223 970 1282 communem
1002 1213 1132 1261 tam
1163 1218 1382 1258 rerum
1417 1217 1615 1280 quam
1636 1196 2095 1260 vocabulorum
2128 1217 2317 1260 usum
2340 1196 2472 1278 jam

321 1305 532 1384 magis
564 1303 694 1386 jam
729 1305 944 1364 minus
966 1343 986 1376 ‚
1027 1301 1166 1384 jam‘
1197 1297 1440 1360 tardius
1462 1299 1600 1380 jam
1639 1297 1861 1372 citius,
1902 1299 2035 1381 jam
2070 1299 2150 1362 ad
2181 1299 2305 1362 hoc
2339 1298 2473 1380 jam

319 1403 408 1466 ad
457 1403 619 1466 illud
669 1391 994 1486 objectu‘m
1044 1400 1426 1480 restringere
1459 1395 1837 1460 debuerunt.
1884 1401 2183 1496 Cumque
2246 1421 2475 1465 nume-

321 1508 432 1567 r'us
485 1505 882 1586 'objectorum
932 1504 1013 1568 ad
1055 1503 1252 1566 vitam
1281 1499 1801 1562 necessariorum
1851 1501 1921 1560 in
1972 1503 2108 1563 dies
2163 1505 2367 1584 magis
2413 1515 2478 1568 et

321 1597 528 1688 magis
562 1593 906 1680 cresceret,
951 1605 1214 1688 ipsaque
1267 1589 1516 1684 objecta
1546 1601 1763 1682 plures
1798 1587 2009 1685 atque'
2038 1601 2261 1686 plures·
2310 1606 2476 1667 inter

320 1731 392 1772 se
425 1710 764 1772 relationes
821 1707 1054 1770 habere
1100 1705 1512 1792 inciperentz'
1540 1701 2079 1769 etiam·numerus
2132 1705 2477 1770 vocabulo-

319 1801 466 1874 rum
519 1810 597 1872 ad
645 1831 718 1872 ea
765 1809 1107 1873 indicanda
1147 1795 1659 1870 necessariorum
1696 1829 2017 1884 crescere,
2059 1809 2327 1894 ipsaque
2362 1831 2476 1872 vo-

321 1913 547 1976 cabula
596 1913 796 1976 varias
835 1909 1350 1974 modificationes
1383 1911 1669 1995 recipere
1698 1909 2038 1974 debebant.
2078 1914 2259 1977 Eum
2290 1913 2360 1974 in
2386 1912 2475 1974 ¹5-

317 2037 472 2078 nem
508 2014 776 2100 provida
811 2028 1035 2076 natura
1065 2015 1140 2074 e‘x
1166 2013 1827 2081 vocabulis·unisonis
1856 2020 2007 2083 fecit
2038 2015 2288 2090 bisons,
2321 2037 2477 2098 qua-

317 2131 505 2180 tenus
559 2117 914 2201 quemlibet
961 2139 1034 2179 ex
1076 2111 1272 2200 3‚969
1323 2117 1499 2178 sonis
1554 2119 1959 2200 simplicibus
1994 2139 2144 2183 cum
2191 2115 2481 2201 quolibet

321 2219 695 2301 composuit
717 2264 734 2293 ‚
763 2218 980 2300 sicque
1021 2212 1396 2301 15‚752‚961
1433 2205 2311 2285 vocabulorum-bisonorum
2360 2217 2490 2298 ob,

320 2323 538 2386 tinuit.
581 2321 735 2384 Jam
768 2341 841 2382 ex
879 2318 999 2381 hac
1037 2317 1353 2380 ditissima
1387 2319 1857 2394 vocabulorum
1892 2322 2272 2385 bisonorum
2302 2343 2478 2405 penu

291 2409 551 2487 'eadem
587 2422 1060 2511 sapientissima
1096 2420 1520 2502 dispensatrix
1550 2438 1777 2501 natura
1817 2446 1950 2489 non
2006 2439 2257 2488 tantum
2298 2426 2479 2509 obje-

327 2526 446 2589 ctis
471 2524 906 2607 ‘singularibus
947 2522 1292 2607 singularia
1327 2512 1669 2609 assignavit
1698 2528 2247 2603 nomina‚'verum
2282 2530 2475 2591 etiam

322 2629 491 2713 ipsas
526 2630 717 2717 unius
758 2626 1175 2710 ejusdemque
1209 2625 1440 2708 objecti
1489 2628 1831 2693 relationes
1879 2631 2161 2695 diversas
2210 2632 2473 2695 diversis

324 2731 632 2814 expressit
666 2724 1082 2802 nominibus,
1113 2728 1239 2793 hoc
1269 2742 1400 2791 ests
1447 2744 1510 2793 et
1541 2734 1745 2795 varias
1780 2735 2092 2798 orationis
2126 2750 2378 2818 partes,
2412 2748 2475 2799 et
2507 2807 2511 2811 ,

321 2835 494 2897 varia
543 2855 758 2896 rerum
817 2852 1083 2915 genera,
1129 2846 1190 2895 et
1239 2834 1449 2895 varios
1497 2834 1844 2896 nominum
1896 2858 2117 2915 casus,
2160 2849 2224 2898 et
2268 2838 2472 2899 varias

319 2936 660 2999 verborum
678 2935 942 3009 formas,
959 2934 1220 3008 modos,
1244 2947 1885 3017 tempora‚numeros
1918 2950 1977 2999 et
2002 2960 2309 3020 personas
2329 2939 2467 3022 jam

319 3039 420 3101 his
449 3032 580 3123 jam
617 3039 744 3102 illis
773 3036 1371 3112 terminationibus,
1413 3036 1545 3120 jam
1579 3039 1785 3119 magis
1824 3039 1955 3121 jam
1989 3042 2207 3103 minus
2262 3042 2468 3123 perfe-

321 3156 462 3217 cte,
504 3152 697 3227 prout
743 3140 808 3202 id
864 3140 1038 3217 ratio*
1079 3137 1339 3221 politica
1377 3140 1654 3223 cujusvis
1687 3141 1893 3223 gentis
1932 3138 2258 3223 exigebat,
2302 3144 2468 3207 inter

317 3266 384 3307 se
425 3238 736 3331 distinxitj
767 3243 874 3333 Εκ
905 3239 1230 3305 vocabulis
1269 3241 1512 3306 bisonis
1544 3244 1791 3307 tardius·
1819 3244 1982 3307 sacta
2016 3258 2165 3308 sunt
2201 3247 2469 3321 misena,

317 3366 390 3407 ex
435 3348 696 3409 trisonis
749 3345 1178 3429 quadrimus,
1225 3357 1288 3409 et
1337 3346 1430 3409 sic
1479 3368 1717 3429 porro,
1765 3368 1929 3431 quae
1969 3345 2246 3432 proinde
2302 3348 2465 3417 nihil
2540 3356 2548 3361 “

315 3448 494 3511 aliud
527 3462 715 3522 sunt,
761 3456 956 3533 q'uam
987 3448 1232 3511 formae
1267 3450 1607 3533 quaepiam
1654 3448 1993 3532 ampliatae
2042 3465 2149 3513 aut
2176 3472 2467 3536 comp-o·-

317 3552 472 3614 sitae
521 3542 984 3614 vocabulorum
1047 3550 1466 3626 himnorum,
1527 3552 1838 3635 facileque
1881 3574 1921 3613 a
1971 3555 2214 3636 quovis
2252 3554 2466 3635 philo-

314 3652 464 3735 logo
498 3652 576 3714 ad
611 3652 718 3715 illa
753 3654 1072 3731 revqcari‚
1107 3668 1216 3719 aut
1238 3640 1325 3717 *eit
1352 3652 1478 3716 illis
1509 3654 1778 3716 derivari
1817 3671 2107 3738 possunt.
2144 3656 2463 3731 Hisbene

311 3756 691 3831 intellectis}
736 3739 1007 3840 quisque
1041 3756 1182 3839 jam·
1208 3759 1547 3841 concipere
1584 3760 1828 3839 potest,
1872 3760 2085 3840 primo
2123 3759 2457 3841 quom-odo

315 3880 390 3921 ex
423 3880 614 3921 sensu
645 3858 1106 3937 vocabulorum
1139 3862 1475 3923 communi
1513 3874 1689 3923 ortus
1726 3862 1806 3923 sit
1841 3882 2066 3925 sensus
2104 3862 2459 3925 eorundem

311 3960 646 4045 proprius}
681 3962 960 4025 secundo
983 3947 1319 4047 quomodo
1343 3984 1415 4027 ex
1434 3986 1560 4025 una
1584 3963 1797 4044 lingua
1818 3964 2083 4029 naturali
2125 3977 2255 4025 tam
2294 3963 2463 4025 mul-

312 4078 413 4127 tae
441 4066 606 4129 inter
645 4086 710 4129 se
747 4066 1030 4134 diversae
1063 4066 1318 4150 linguae
1361 4067 1577 4134 ‚enasci
1608 4068 1942 4151 potuerint
1972 4066 2461 4153 debuerintque.
