3043 4837
1164 365 1337 430 ποκ’
1404 374 1489 442 23
1571 403 1693 432 ...a

368 543 533 609 quae
568 523 841 606 quisque
880 520 978 584 vel
1020 539 1153 582 uno
1201 519 1437 582 intuitu
1486 519 1814 584 addiscere
1857 533 2107 606 potest,
2149 498 2512 590 dummodo

364 624 721 690 naturalem
754 624 943 702 illum
978 623 1302 686 literarum
1321 621 1644 699 ordinem,
1665 645 1797 709 quo
1830 645 2064 688 novem
2097 625 2514 708 elementares

356 731 516 793 »soni
549 727 837 810 variandi
867 741 1057 802 sunt,
1094 741 1505 811 perspectum
1539 726 1788 793 habeat.
1847 727 2028 792 Cum'
2049 743 2265 792 autem
2305 731 2514 815 quod-

286 834 295 844 ’
378 833 534 894 libet
580 832 837 914 linguae
886 830 1259 894 universalis
1307 831 1696 894 vocabulum
1727 829 1809 892 ad
1845 832 2201 914 quemlibet
2251 855 2513 904 sensum

376 935 853 1019 particularem,
882 935 995 1018 qui
1036 955 1110 997 ex
1129 933 1469 997 universali
1500 932 1861 1008 deducitur,
1893 949 2116 999 natura
2155 957 2270 998 sua
2289 939 2380 1000 sit
2416 939 2518 1002 iu-

368 1037 703 1102 differens:
728 1035 968 1101 idcirco
1004 1057 1481 1122 quemcumque
1502 1058 1763 1100 sensum
1785 1039 2233 1123 particularem
2254 1040 2520 1104 cuicun-

364 1163 493 1226 que
516 1142 769 1224 linguae
785 1140 1169 1203 ‘universalis
1189 1141 1501 1203 vocabulo
1533 1143 1670 1224 pari
1687 1141 1822 1223 jure
1841 1143 2119 1204 tribuere
2141 1165 2510 1225 possumus.

374 1245 677 1308 Attamen
700 1286 719 1318 ,
754 1256 823 1306 ut
855 1242 963 1307 hic
998 1241 1590 1328 quoquessordinem
1630 1247 2001 1328 quempiam
2044 1261 2394 1319 teneamus,
2431 1248 2518 1310 si·

372 1362 483 1410 cut
518 1349 774 1428 linguae
810 1346 1183 1410 universalis
1219 1345 1529 1408 vocabula
1563 1361 1788 1410 natura
1823 1348 1985 1410 duce
2017 1351 2102 1410 ad
2129 1363 2256 1410 tres
2289 1332 2517 1414 classes

372 1450 851 1513 revocavimus:
898 1449 984 1511 ita
1016 1450 1208 1512 etiam
1246 1450 1497 1532 objecta
1523 1450 1882 1532 ejusdem,²
1903 1472 2068 1532 quae
2103 1465 2252 1514 sunt
2285 1475 2516 1536 corpor

371 1574 443 1614 ra
476 1553 911 1616 discernibili-u
940 1575 1051 1615 seu
1086 1553 1273 1616 certis
1320 1551 1729 1636 qualitatibus
1780 1553 2102 1634 praedita,
2147 1539 2355 1635 gravia
2404 1577 2515 1654 sexu

371 1654 613 1717 viribus
649 1654 999 1738 pollentia,
1043 1655 1359 1728 mobilia,
1382 1669 1700 1739 motuque
1739 1673 1856 1717 suo
1886 1677 2119 1718 sonum
2159 1658 2516 1732 excitantia,
2612 1708 2628 1723 x

376 1771 629 1822 extensa
664 1779 778 1821 seu
819 1753 1097 1841 spatium
1152 1757 1566 1843 occupantia,
1609 1759 2030 1840 temporalia,
2077 1747 2517 1835 numerabilia,

376 1879 453 1921 ac
473 1860 973 1935 mensurabilia,
1019 1858 1243 1923 eadem
1272 1861 1500 1920 natura
1538 1876 1882 1943 praeeunte
1919 1862 1987 1924 in
2021 1884 2256 1926 novem
2289 1863 2518 1928 classes

378 1962 827 2044 dispescimus,
858 1983 1132 2046 quarum
1169 1963 1381 2046 prima
1418 1961 1668 2044 objecta
1705 1967 2164 2040 astronomiae,
2196 1965 2518 2050 physicae,

376 2059 809 2150 historiaeque
858 2067 1201 2140 naturalis,
1263 2067 1615 2148 praemissa
1665 2067 1987 2148 partium,
2029 2089 2066 2130 e
2097 2068 2331 2150 quibus
2377 2091 2520 2131 cor-

370 2185 531 2250 pora
564 2169 942 2252 vegetabilia
978 2182 1041 2231 et
1093 2169 1400 2230 animalia
1444 2181 1968 2251 componuntur,
2013 2170 2521 2246 nomenclatura,
2618 2197 2630 2205 ·

372 2267 601 2330 ordine
651 2271 1057 2355 systematico
1110 2271 1448 2345 describit3
1508 2272 1789 2334 secunda
1845 2271 2126 2350 diversas
2168 2293 2518 2356 corporum

372 2371 709 2457 qualitates
742 2386 876 2436 tam
921 2371 1239 2439 absolutas
1299 2395 1497 2459 quam
1523 2372 1882 2449 relativas,
1927 2387 2192 2462 tamque
2225 2375 2518 2463 physicas

372 2496 568 2559 quam
601 2477 877 2547 morales
910 2474 1235 2562 depingit3
1278 2479 1465 2540 tertia
1494 2477 1742 2561 objecta
1769 2477 2129 2561 theologiae
2151 2522 2172 2555 ,
2202 2480 2515 2565 jurispru-

376 2576 669 2654 dentiae,
710 2578 1163 2665 palmaeque„
1188 2581 1346 2643 item
1381 2580 1552 2645 varia
1596 2579 1942 2645 hominum
1989 2569 2240 2658 studia,
2281 2585 2518 2647 variasq

372 2701 499 2763 que
528 2682 893 2761 eorundem
920 2683 1348 2755 conditiones,
1378 2684 1447 2745 in
1480 2684 1714 2766 quibus
1745 2677 2023 2749 morales
2057 2707 2260 2771 aeque
2289 2708 2364 2751 ac
2399 2710 2519 2772 po·-

372 2782 581 2846 liticae
611 2783 1007 2868 reipublicae
1030 2787 1197 2847 vires
1228 2784 1600 2856 fundantur,
1632 2789 1976 2869 proponit3
2015 2804 2240 2871 quarta
2269 2790 2514 2874 objecta

370 2900 630 2961 motus,
669 2900 735 2949 et
765 2888 979 2969 primo
1016 2886 1283 2969 quidem
1326 2906 1439 2959 ea,
1476 2907 1638 2968 quae
1655 2889 1767 2957 „ad
1825 2890 2312 2954 architecturam
2369 2915 2513 2975 spe·
2543 2884 2548 2889 ’

376 2990 573 3063 etant,
607 3002 749 3051 tum
780 2988 951 3063 varia
976 2988 1419 3071 supellectilia,
1453 2988 1916 3063 instrumenta,
1947 2990 2312 3067 machinas,
2345 3016 2513 3069 vasa,

370 3089 843 3163 loculamenta,
882 3104 1244 3174 apparatus,
1284 3090 1692 3163 vestimenta,
1737 3091 1938 3171 signa,
1983 3091 2204 3170 libros,
2245 3117 2516 3170 merces,

372 3194 719 3268 alimenta,
763 3192 1066 3269 morbos,
1107 3193 1412 3267 vulnera,
1470 3214 1545 3256 ac
1586 3180 1852 3257 demum
1906 3194 2375 3273 medicamenta
2415 3222 2514 3261 re-

314 3336 320 3343 ·
375 3310 626 3371 censet3
674 3298 896 3381 quinta
929 3295 1175 3381 objecta
1226 3280 1409 3371 soni,
1451 3317 1562 3359 seu
1618 3298 1822 3361 varias
1875 3301 2191 3363 sermonis
2245 3300 2511 3364 humani

373 3399 615 3482 species
636 3441 657 3474 ,
716 3401 1046 3485 variasque
1093 3398 1524 3463 animantium
1572 3422 1760 3465 voces
1809 3402 2137 3485 exprimit;
2181 3418 2354 3466 sexta
2398 3404 2515 3467 ob-

371 3500 535 3583 jecta
566 3502 796 3585 spatii,
840 3526 952 3567 seu
988 3503 1264 3567 diversas
1312 3504 1608 3567 locorum
1662 3506 1946 3588 speeies,
1991 3506 2266 3569 diversas
2314 3520 2509 3570 terra-
2579 3564 2596 3587 ‚
2686 3556 2695 3566 ,

373 3624 519 3665 rum
557 3605 990 3681 extensiones,
1035 3606 1317 3669 diversos
1348 3613 1661 3691 aquarum
1716 3607 1961 3682 fluxuS‚
2007 3599 2265 3701 diversa'
2297 3608 2510 3673 horni-

372 3727 535 3768 num
567 3726 641 3769 ac
672 3706 949 3770 ferarum
984 3708 1381 3785 habitacula,
1422 3709 1617 3773 verbo
1679 3712 1994 3797 quidquid
2043 3712 2109 3780 in
2155 3710 2311 3773 urbe
2346 3712 2508 3775 ruri-

318 3896 325 3902 ·
371 3830 499 3893 qne
540 3810 950 3887 continetur,
995 3810 1078 3873 ob
1122 3811 1343 3876 oculos
1377 3812 1597 3896 ponit3
1643 3810 1916 3897 septima
1975 3813 2220 3899 objecta
2253 3827 2504 3899 tempo-

369 3902 480 3983 ris,
507 3933 618 3975 seu
642 3914 845 3979 varias
878 3913 1165 3998 ejusdem
1198 3915 1644 3979 distinctiones
1677 3917 1744 3979 in
1775 3915 2198 3999 *chronologia
2229 3929 2507 3981 tam-na·-
2543 3907 2554 3921 ’

368 4016 557 4079 turali
592 4038 785 4101 quam
824 4015 993 4079 civili
1028 4012 1429 4081 occurrentes
1486 4016 1777 4093 exhibet3
1823 4030 2043 4081 octava
2085 4019 2332 4103 objecta
2383 4041 2505 4083 nu-

370 4118 573 4195 meri,
620 4120 853 4203 quibus
883 4118 1279 4185 arithmetica
1323 4133 1714 4204 occupatur,
1757 4121 2083 4197 continet,
2121 4144 2298 4188 nona
2326 4122 2506 4226 deni-

2662 2381 2671 2406 l
