3043 4837
1360 363 1479 388 m
1572 347 1648 398 12
1736 363 1851 389 mm

531 481 582 544 si
623 495 962 568 utrumque
997 477 1120 545 fiat.
1167 479 1364 572 Quod
1411 465 1696 568 sitporro
1744 476 2054 570 tremulus
2107 477 2214 539 ille
2278 479 2663 544 canaliculus

530 586 738 648 aei-ius
765 608 878 668 per
912 586 1040 648 duo
1082 585 1326 648 diversa
1369 581 1663 666 loquelae
1710 603 1946 664 organa
1996 582 2224 643 eodem
2269 585 2447 665 quasi
2504 600 2661 645 tem-

525 707 685 770 pore
719 711 830 752 seu
851 703 1017 754 ante
1051 710 1161 782 seu
1195 699 1342 771 post
1371 703 1607 758 sonum
1644 684 1813 748 dicto
1845 683 2044 746 modo
2066 684 2482 768 impediatur:
2520 700 2679 747 tum-

523 790 633 852 ille
671 790 911 874 duplici
943 775 1132 855 etiam
1171 812 1454 882 consona
1492 809 1732 872 organo
1773 787 2012 870 duplici
2056 787 2481 869 respondente.
2518 810 2568 849 e.
2604 809 2675 868 g..

523 891 633 964 alc,
678 905 777 968 st,
822 918 924 975 φ,
966 894 1065 957 vel
1115 897 1360 958 inverse
1391 891 1503 966 les,
1550 903 1643 966 ts,
1685 913 1796 971 pa,
1840 903 1911 951 et
1956 891 2086 952 sic·
2108 911 2301 972 porro
2364 877 2656 952 afficitur.

520 995 752 1058 Hinc‘
730 1019 860 1079 jam
896 1009 1193 1079 apparet,
1227 1001 1547 1059 'consonas
1589 1013 1720 1057 non
1760 1000 1893 1055 esse
1945 992 2159 1066 aliu'd5
2204 1014 2399 1076 quam
2454 981 2661 1054 diver-

520 1119 620 1159 sas
665 1099 986 1162 vocalium
1032 1097 1542 1160 modificationes
1605 1117 1717 1158 ex
1737 1096 2009 1158 remoris
2032 1095 2217 1158 iliis
2227 1109 2479 1168 natas,
2500 1109 2663 1179 quas

521 1200 785 1263 eaedem
833 1223 952 1284 per
1003 1201 1247 1262 diversa
1300 1183 1594 1282 loquelae
1645 1215 1879 1296 organa
1915 1199 1981 1259 in
2021 1199 2123 1261 sui·
2152 1191 2529 1280 prolatione
2545 1213 2659 1280 pa·-

517 1303 781 1364 tiuntur.
826 1302 1071 1364 Altera·
1061 1302 1253 1364 ·vocis
1285 1301 1610 1364 humanae
1646 1299 1973 1362 diversitas
2013 1321 2087 1362 ex
2132 1301 2368 1381 majore
2405 1300 2505 1362 vel
2542 1301 2665 1370 mi·-

464 1457 471 1466 .
515 1411 696 1466 nore
724 1401 1136 1466 membranae
1175 1403 1412 1498 iilius7·
1429 1425 1566 1487 qua
1610 1403 1825 1489 larynx
1867 1405 2177 1475 vestitur«,
2220 1406 2511 1464 tensione
2546 1420 2662 1462 na-

513 1508 762 1579 scitus-3⁶
789 1513 1100 1593 quatenus
1133 1513 1378 1588 nem'pe
1400 1505 1721 1602 quaelibet
1750 1505 1985 1569 v'ocalis
2014 1506 2145 1590 jam
2180 1504 2398 1577 alto-,⁸
2380 1524 2509 1586 jam
2550 1505 2661 1565 de-

411 1691 416 1698 ·
516 1627 765 1700 presso,
799 1607 931 1690 jam
970 1607 1280 1669 mediocri
1309 1617 1525 1682 tono,
1530 1593 1812 1691 quorum
1850 1607 2129 1712 quilibet
2142 1617 2399 1670 rursum
2429 1607 2493 1666 in
2532 1606 2659 1666 mi·-

515 1729 707 1772 nores
755 1710 987 1792 gradus
1015 1707 1502 1782 subdividitun‘
1529 1709 1817 1804 proferri
1844 1697 2072 1792 potest:
2122 1711 2298 1772 Haec
2348 1719 2655 1770 tonorum

515 1813 845 1894 diversitas
893 1811 1065 1896 apud
1099 1798 1493 1893 Europaeos
1546 1811 1847 1892 quidem
1862 1813 2201 1894 praecipue
2249 1803 2315 1874 in
2359 1825 2545 1874 cantu
2596 1823 2659 1871 et

512 1912 870 1988 affectibus,
913 1910 1085 1996 apud
1120 1909 1433 1976 Asiaticos
1470 1934 1623 1975 vero
1659 1915 2033 1996 praesertim
2058 1913 2427 1976 Chinenses
2462 1914 2655 1974 ‘etiam
2756 1911 2763 1920 ’

511 2017 582 2078 in
628 2023 922 2079 sermone
984 2012 1280 2077 familiai-i
1329 2015 1649 2078 observari
1703 2011 1925 2091 debet}
1977 2015 2146 2098 quia-
2172 2011 2493 2098 quaelibet
2536 2033 2659 2078 vox

509 2131 703 2202 prout
734 2119 908 2180 vario
944 2133 1101 2178 tono
1135 2115 1443 2188 effertur,
1488 2118 1576 2179 ita
1620 2118 1853 2178 etiam
1856 2119 2059 2178 varias
2096 2107 2299 2180 habet
2348 2117 2661 2200 significa-

513 2224 722 2284 tiones
746 2262 766 2293 ‚
811 2239 971 2301 quae
1002 2215 1324 2279 subinde
1305 2239 1375 2278 ιιι
1403 2227 1541 2278 u‘na
1559 2217 1933 2298 eademque
1966 2240 2125 2280 voce
2162 2219 2466 2282 tredecim
2506 2243 2661 2303 qua·

511 2320 949 2384 tuordecimve
980 2325 1432 2390 numerantur,
1475 2327 1703 2400 atq‘ue
1712 2317 1885 2377 ideo
1900 2317 2115 2397 lingua
2150 2319 2475 2381 chinensis
2522 2343 2661 2382 ma-

513 2425 612 2507 gis
643 2436 864 2484 nostro
900 2413 1132 2483 cantui
1143 2405 1340 2503 quam
1376 2418 1669 2502 loquelae
1709 2417 1937 2480 similis
1978 2438 2109 2483 esse
2138 2420 2409 2482 videtur.
2458 2425 2655 2523 Spec-

511 2540 642 2589 tata
673 2524 790 2587 hac
825 2524 1063 2605 duplici
1085 2523 1258 2585 vocis
1280 2522 1604 2583 humanae
1624 2520 2003 2594 diversitate,
2025 2504 2402 2607 cognitaque
2423 2528 2666 2588 utrius·

513 2648 639 2714 que
675 2649 882 2701 causa,
917 2627 1188 2710 quisque
1215 2625 1347 2707 iam
1381 2624 1755 2705 intellig-ere·
1765 2634 1997 2707 potest,
2038 2646 2263 2688 vocem
2300 2625 2648 2690 humanam

453 2728 463 2738 ’
512 2752 725 2814 neque
774 2752 848 2793 ex
893 2730 1046 2792 sola
1071 2727 1491 2799 chordarum,
1537 2746 1745 2809 neque
1772 2738 1863 2789 ex
1908 2728 2044 2791 sola
2080 2728 2435 2793 fistularum
2468 2730 2653 2793 theo-

509 2834 645 2911 ria,
688 2818 802 2896 sed
838 2852 912 2896 ex
941 2846 1216 2929 utraque
1249 2816 1440 2894 simul
1469 2851 1607 2895 esse
1636 2820 2096 2912 explicandam.
2500 2844 2529 2852 ”

1067 3036 1747 3155 ,σ’[ιριιΕειε
1834 3056 1963 3122 ιιι.
2114 3068 2125 3075 ·

961 3241 1343 3335 Linguae
1385 3241 1920 3304 universalis
1966 3242 2224 3323 origo.

689 3396 1261 3513 Quemadmodum
1306 3428 1510 3491 homo
1544 3429 1848 3492 naturalis
1890 3426 1969 3491 ab
2020 3428 2500 3495 homine·culto
2534 3436 2649 3496 'ni-
2740 3414 2747 3418 ¹

443 3582 462 3597 ,
513 3532 722 3596 mium
778 3531 1222 3615 distinguitur:
1266 3532 1352 3593 ita
1404 3533 1594 3595 etiam
1629 3532 1913 3617 linguam
1944 3532 2299 3595 naturalem
2346 3557 2380 3596 a
2432 3536 2647 3619 lingua

519 3636 696 3699 culta·
714 3630 1074 3697 distinctam
1107 3648 1242 3697 ‘esse
1261 3650 1539 3719 oportet.
1572 3638 1786 3723 Quare
1823 3635 2481 3701 vehementer-erranei
2514 3638 2647 3714 ille,

519 3737 631 3821 qui
668 3738 734 3799 in
771 3737 984 3819 lingua
1018 3737 1286 3800 naturali
1325 3759 1427 3801 eas
1461 3738 1642 3802 dotes
1696 3751 2059 3823 quaereret,
2102 3760 2263 3821 quae
2316 3740 2383 3802 in
2432 3740 2649 3823 lingua

520 3841 650 3925 jam
705 3841 944 3903 exculta
986 3841 1404 3923 reperiuntur.
1449 3840 1916 3924 Lingua‘enim
1954 3842 2237 3905 hominis
2283 3843 2649 3925 proportio-

520 3964 672 4007 nem
727 3942 954 4007 habere
1004 3943 1383 4006 debetcum
1435 3944 1567 4025 ejus
1622 3945 2135 4019 necessitatibus,
2179 3944 2467 4009 hoc-este
2506 3965 2645 4028 quo

527 4047 856 4132 pauciores
887 4061 1082 4131 ¹atque
1107 4047 1538 4131 simpliciores
1568 4049 1623 4113 is
1648 4048 1836 4113 habet
1872 4049 2269 4114 necessitates
2289 4090 2311 4125 2
2344 4047 2419 4111 eo
2452 4048 2644 4111 etiam
