3043 4837
1358 306 1648 408 amn-24
1733 363 1850 390 mv»

524 499 650 564 que
684 477 1303 559 objecta-mensurae
1334 478 1416 539 ad
1450 464 1866 560 geometriam
1903 476 2286 560 pertinentia
2328 478 2534 540 refert.
2579 477 2670 543 Et

519 582 738 665 primo
791 579 1053 665 quidem
1108 581 1410 653 nomina,
1454 594 1594 644 tum
1647 582 1874 654 verba,
1935 593 2267 664 postremo
2321 580 2668 658 adverbia,

517 697 627 746 aut
664 685 1170 768 praepositiones
1193 727 1212 756 ‚
1248 679 1775 764 conjunctiones,
1819 698 1880 746 et
1915 682 2384 766 interjectiones
2417 683 2492 745 ad
2517 684 2662 746 ,sin-

503 774 732 870 ‘gulam
771 775 1037 848 classem
1071 788 1457 868 pertinentes
1485 786 1852 848 adferimus.
1890 787 2094 848 Porro
2131 785 2469 867 cujuslibet
2503 786 2662 849 clas·

482 873 601 952 νεἰς
638 890 881 972 objecta
914 892 980 952 in
1024 904 1221 952 certas
1252 891 1495 972 species
1535 889 2045 962 subdividimus,
2089 910 2358 974 quarum
2415 888 2664 972 quaeli-

510 989 623 1054 bet
660 992 1034 1055 distinctum
1068 994 1343 1077 acquirit
1396 991 1825 1066 vocabulum,
1871 991 2010 1074 ipsa
2063 1003 2282 1054 autem
2327 989 2663 1055 individua

508 1095 829 1178 pei-‚solas
868 1096 1121 1166 vocales
1172 1095 1351 1177 prius
1391 1094 1568 1158 lenes
1601 1095 1754 1157 dein
1811 1093 2114 1176 aspiratas
2163 1093 2479 1156 vocabulo
2515 1113 2662 1176 spe-

468 1181 475 1186 *
511 1197 629 1259 ciei
662 1199 970 1286 praefixas
1004 1199 1106 1260 ad»
1142 1197 1509 1281 exemplum
1549 1194 1984 1281 ‚quorundam
2036 1195 2380 1278 verborum
2423 1195 2657 1258 latino·-

503 1322 652 1383 rum
673 1343 694 1375 ‚
758 1321 925 1384 quae
991 1315 1104 1383 per
1174 1301 1341 1362 solas
1406 1299 1659 1362 vocales
1739 1299 1934 1362 verbo
2007 1297 2288 1380 simplic-i
2345 1297 2657 1380 praefixas
2741 1303 2746 1310 '

504 1402 783 1467 invicem
838 1416 1292 1474 secernuntur,
1336 1402 1428 1462 uti
1497 1403 1756 1473 amitto,
1819 1405 2076 1474 emitto,
2143 1402 2403 1474 omitto,
2487 1399 2652 1466 invi-

508 1525 652 1568 cem
686 1504 1151 1577 discernimus-5
1192 1513 1385 1585 atque
1422 1503 1513 1564 sic
1547 1525 1622 1564 ex
1656 1501 1983 1565 vocabulis
2019 1501 2484 1587 monosyllabis
2517 1500 2662 1567 dis--

501 1605 739 1689 syllaba
774 1605 1064 1668 facimus.
1098 1603 1352 1688 Quodsi
1386 1625 1584 1686 porro
1607 1601 1962 1686 quodpiam
1999 1604 2384 1686 yocabulum
2423 1603 2650 1688 dissylo
2755 1588 2764 1596 “

496 1705 720 1770 labum
748 1707 925 1790 juxta
956 1707 1159 1770 dictas
1186 1706 1477 1790 superius
1508 1704 1735 1793 de'cem
1773 1706 2233 1789 relationessit
2267 1705 2651 1772 modifican-

483 1808 683 1881 dum,
716 1823 853 1872 tum
889 1810 1229 1872 accedente
1261 1831 1298 1870 a
1328 1808 1455 1872 fine
1486 1807 1697 1869 adhuc
1734 1830 1861 1871 una
1888 1808 2094 1871 vocali
2126 1807 2196 1871 fit
2227 1808 2644 1894 trisyllabum.

492 1910 727 1994 Itaque
760 1926 842 1978 ut,
866 1931 944 1974 ex
975 1911 1290 1975 vocabulo
1318 1907 1649 1996 'trisyllaba
1703 1911 1813 1972 fiat
1849 1911 2404 1996 monosyllabam‚
2447 1933 2636 1974 voca-

488 2013 569 2076 lis
604 2017 905 2098 utrinque
936 2015 1123 2098 abjici
1160 2014 1387 2089 debet,
1432 2007 1553 2078 nisi
1601 2015 1856 2080 tertiam
1912 1995 2220 2098 syllabam
2269 2013 2636 2078 terminatio

490 2117 911 2200 comparativi
949 2139 1056 2187 er,
1089 2117 1187 2178 'vel
1220 2099 1586 2199 superlativi
1617 2140 1718 2188 es,
1759 2115 1861 2178 vel
1905 2116 2272 2182 diminutivi
2305 2115 2496 2206 lehem)
2537 2115 2638 2180 vel

487 2240 671 2284 sexus
704 2223 795 2290 in,
840 2222 1217 2293 constituat3
1256 2233 1413 2282 tunc
1449 2219 1622 2300 enim
1659 2240 1733 2280 ex
1783 2217 2095 2283 vocabulo
2124 2218 2475 2303 trisyllaba,
2519 2218 2637 2284 hac

418 2329 421 2334 '
486 2321 769 2403 abjecta,
814 2321 1180 2408 faciendum
1214 2322 1392 2402 prius
1430 2320 1868 2404 dissyllabum.
1914 2321 1995 2382 In
2027 2320 2422 2406 dissyllabis,
2468 2342 2638 2404 quae

484 2424 554 2485 in
596 2445 951 2509 consonam
998 2422 1338 2505 desinunt,
1379 2436 1630 2503 praeter
1679 2422 2246 2505 multiplicativum
2299 2422 2516 2501 phalel:
2567 2437 2634 2489 et
2673 2470 2683 2509 .=

441 2528 658 2599 anal,
719 2548 839 2588 nec
888 2546 1019 2587 non
1074 2524 1534 2585 diminutivum
1584 2524 1748 2585 khan
1805 2537 1866 2587 et
1917 2524 2168 2589 sexuale
2217 2525 2631 2608 in,..sempeu

482 2629 721 2693 vocalis
749 2628 997 2710 prima,
1043 2627 1108 2687 in
1138 2612 1234 2687 ⁵iis
1271 2646 1458 2697 vero,
1508 2645 1674 2708 quae
1715 2625 2622 2709 utrinquevocalemhabent,

484 2753 725 2816 quaeve
760 2752 796 2793 a
833 2752 1117 2793 consona
1146 2722 1491 2811 incipiunt,
1523 2746 1778 2809 semper
1810 2728 2044 2791 vocalis
2082 2729 2364 2791 secunda
2395 2750 2432 2791 a
2468 2750 2624 2793 voce

479 2835 803 2919 primitiva
859 2833 1249 2915 separanda,
1317 2831 1494 2913 cujus
1544 2830 2080 2911 significationem
2127 2832 2190 2895 in
2239 2818 2400 2905 thesi
2448 2832 2622 2901 VIII

480 2937 653 3020 juxta
680 2937 1003 3026 triplicem
1020 2935 1483 3001 vocabulorum
1508 2932 1778 2999 classem
1807 2934 1990 3000 facile
2024 2936 2296 3026 quisque
2332 2937 2623 3020 reperiet.
