<?xml version="1.0" encoding="UTF-8"?>
<!DOCTYPE html PUBLIC "-//W3C//DTD XHTML 1.0 Transitional//EN"
    "http://www.w3.org/TR/xhtml1/DTD/xhtml1-transitional.dtd">
<html xmlns="http://www.w3.org/1999/xhtml" xml:lang="en" lang="en">
 <head>
  <title>
</title>
<meta http-equiv="Content-Type" content="text/html;charset=utf-8" />
  <meta name='ocr-system' content='tesseract 3.04.00' />
  <meta name='ocr-capabilities' content='ocr_page ocr_carea ocr_par ocr_line ocrx_word'/>
</head>
<body>
  <div class='ocr_page' id='page_1' title='image "./linguauniversal00rtgoog_0022.png"; bbox 0 0 3043 4837; ppageno 0'>
   <div class='ocr_carea' id='block_1_1' title="bbox 1188 349 1681 452">
    <p class='ocr_par' dir='ltr' id='par_1_1' title="bbox 1188 349 1681 452">
     <span class='ocr_line' id='line_1_1' title="bbox 1188 349 1681 452; baseline -0.004 -30"><span class='ocrx_word' id='word_1_1' title='bbox 1188 396 1309 422; x_wconf 66' lang='lat' dir='ltr'>mun</span> <span class='ocrx_word' id='word_1_2' title='bbox 1398 349 1526 452; x_wconf 55' lang='lat'><strong>1⁷.‘&#39;</strong></span> <span class='ocrx_word' id='word_1_3' title='bbox 1561 394 1681 420; x_wconf 68' lang='lat' dir='ltr'>um</span> 
     </span>
    </p>
   </div>
   <div class='ocr_carea' id='block_1_2' title="bbox 290 505 2589 1245">
    <p class='ocr_par' dir='ltr' id='par_1_2' title="bbox 290 505 2589 1212">
     <span class='ocr_line' id='line_1_2' title="bbox 358 505 2501 598; baseline -0.001 -19"><span class='ocrx_word' id='word_1_4' title='bbox 358 513 535 580; x_wconf 83' lang='lat' dir='ltr'>labae</span> <span class='ocrx_word' id='word_1_5' title='bbox 573 523 868 598; x_wconf 76' lang='lat' dir='ltr'><strong>quartae,</strong></span> <span class='ocrx_word' id='word_1_6' title='bbox 915 533 1077 598; x_wconf 88' lang='lat' dir='ltr'>quae</span> <span class='ocrx_word' id='word_1_7' title='bbox 1127 509 1235 574; x_wconf 88' lang='lat' dir='ltr'>hic</span> <span class='ocrx_word' id='word_1_8' title='bbox 1286 532 1543 573; x_wconf 86' lang='lat' dir='ltr'>rursum</span> <span class='ocrx_word' id='word_1_9' title='bbox 1595 510 1783 594; x_wconf 85' lang='lat' dir='ltr'>abjici</span> <span class='ocrx_word' id='word_1_10' title='bbox 1831 505 2061 584; x_wconf 85' lang='lat' dir='ltr'>debet,</span> <span class='ocrx_word' id='word_1_11' title='bbox 2104 507 2303 585; x_wconf 82' lang='lat' dir='ltr'>facta,</span> <span class='ocrx_word' id='word_1_12' title='bbox 2348 527 2404 572; x_wconf 83' lang='lat' dir='ltr'>e.</span> <span class='ocrx_word' id='word_1_13' title='bbox 2437 525 2501 593; x_wconf 75' lang='lat' dir='ltr'>g.</span> 
     </span>
     <span class='ocr_line' id='line_1_3' title="bbox 359 611 2506 697; baseline -0.004 -16"><span class='ocrx_word' id='word_1_14' title='bbox 359 629 641 681; x_wconf 76' lang='lat' dir='ltr'>aniatote</span> <span class='ocrx_word' id='word_1_15' title='bbox 666 639 741 678; x_wconf 83' lang='lat' dir='ltr'>ex</span> <span class='ocrx_word' id='word_1_16' title='bbox 772 628 1021 690; x_wconf 83' lang='lat' dir='ltr'>amato,</span> <span class='ocrx_word' id='word_1_17' title='bbox 1067 615 1189 677; x_wconf 88' lang='lat' dir='ltr'>hoc</span> <span class='ocrx_word' id='word_1_18' title='bbox 1223 615 1479 676; x_wconf 75' lang='lat' dir='ltr'>vero‘ex</span> <span class='ocrx_word' id='word_1_19' title='bbox 1511 635 1702 682; x_wconf 84' lang='lat' dir='ltr'>ama,</span> <span class='ocrx_word' id='word_1_20' title='bbox 1748 611 1918 676; x_wconf 89' lang='lat' dir='ltr'>istud</span> <span class='ocrx_word' id='word_1_21' title='bbox 1966 613 2246 697; x_wconf 85' lang='lat' dir='ltr'>denique</span> <span class='ocrx_word' id='word_1_22' title='bbox 2295 635 2368 676; x_wconf 87' lang='lat' dir='ltr'>ex</span> <span class='ocrx_word' id='word_1_23' title='bbox 2403 637 2506 674; x_wconf 84' lang='lat' dir='ltr'>ra-</span> 
     </span>
     <span class='ocr_line' id='line_1_4' title="bbox 360 717 2506 801; baseline -0.003 -17"><span class='ocrx_word' id='word_1_24' title='bbox 360 723 499 785; x_wconf 85' lang='lat' dir='ltr'><strong>dice</strong></span> <span class='ocrx_word' id='word_1_25' title='bbox 532 743 659 783; x_wconf 85' lang='lat' dir='ltr'>am.</span> <span class='ocrx_word' id='word_1_26' title='bbox 704 719 879 780; x_wconf 90' lang='lat' dir='ltr'>Hinc</span> <span class='ocrx_word' id='word_1_27' title='bbox 918 718 1028 801; x_wconf 90' lang='lat' dir='ltr'>qui</span> <span class='ocrx_word' id='word_1_28' title='bbox 1073 717 1357 801; x_wconf 80' lang='lat' dir='ltr'><strong>aliquam</strong></span> <span class='ocrx_word' id='word_1_29' title='bbox 1404 717 1688 798; x_wconf 83' lang='lat' dir='ltr'>linguam</span> <span class='ocrx_word' id='word_1_30' title='bbox 1736 717 2180 798; x_wconf 71' lang='lat' dir='ltr'><strong>particularem</strong></span> <span class='ocrx_word' id='word_1_31' title='bbox 2221 717 2301 779; x_wconf 90' lang='lat' dir='ltr'>ad</span> <span class='ocrx_word' id='word_1_32' title='bbox 2353 717 2506 780; x_wconf 86' lang='lat' dir='ltr'>uni-</span> 
     </span>
     <span class='ocr_line' id='line_1_5' title="bbox 362 818 2507 904; baseline -0.003 -17"><span class='ocrx_word' id='word_1_33' title='bbox 362 823 677 887; x_wconf 84' lang='lat' dir='ltr'>versalem</span> <span class='ocrx_word' id='word_1_34' title='bbox 712 821 1016 884; x_wconf 79' lang='lat' dir='ltr'>reducere</span> <span class='ocrx_word' id='word_1_35' title='bbox 1046 820 1247 904; x_wconf 86' lang='lat' dir='ltr'>cupit,</span> <span class='ocrx_word' id='word_1_36' title='bbox 1286 818 1341 883; x_wconf 84' lang='lat' dir='ltr'>is</span> <span class='ocrx_word' id='word_1_37' title='bbox 1376 819 1543 900; x_wconf 85' lang='lat' dir='ltr'>leges</span> <span class='ocrx_word' id='word_1_38' title='bbox 1577 819 1988 880; x_wconf 71' lang='lat' dir='ltr'>derivationis</span> <span class='ocrx_word' id='word_1_39' title='bbox 2020 820 2507 895; x_wconf 85' lang='lat' dir='ltr'>vocabulorum,</span> 
     </span>
     <span class='ocr_line' id='line_1_6' title="bbox 365 921 2508 1011; baseline -0.002 -23"><span class='ocrx_word' id='word_1_40' title='bbox 365 927 435 989; x_wconf 87' lang='lat' dir='ltr'>in</span> <span class='ocrx_word' id='word_1_41' title='bbox 472 927 695 1011; x_wconf 84' lang='lat' dir='ltr'>lingua</span> <span class='ocrx_word' id='word_1_42' title='bbox 716 923 820 986; x_wconf 90' lang='lat' dir='ltr'>illa</span> <span class='ocrx_word' id='word_1_43' title='bbox 842 924 1127 997; x_wconf 86' lang='lat' dir='ltr'>usitatas,</span> <span class='ocrx_word' id='word_1_44' title='bbox 1146 937 1505 1006; x_wconf 88' lang='lat' dir='ltr'>perspectas</span> <span class='ocrx_word' id='word_1_45' title='bbox 1525 921 1780 993; x_wconf 82' lang='lat' dir='ltr'>babere,</span> <span class='ocrx_word' id='word_1_46' title='bbox 1799 943 2033 1006; x_wconf 81' lang='lat' dir='ltr'>easque</span> <span class='ocrx_word' id='word_1_47' title='bbox 2051 923 2276 988; x_wconf 81' lang='lat' dir='ltr'>ordine</span> <span class='ocrx_word' id='word_1_48' title='bbox 2307 936 2508 984; x_wconf 80' lang='lat' dir='ltr'>retro-</span> 
     </span>
     <span class='ocr_line' id='line_1_7' title="bbox 367 1025 2589 1111; baseline 0 -23"><span class='ocrx_word' id='word_1_49' title='bbox 367 1029 563 1111; x_wconf 83' lang='lat' dir='ltr'>grado</span> <span class='ocrx_word' id='word_1_50' title='bbox 598 1027 933 1090; x_wconf 85' lang='lat' dir='ltr'>observare</span> <span class='ocrx_word' id='word_1_51' title='bbox 974 1026 1181 1088; x_wconf 80' lang='lat' dir='ltr'>debet.</span> <span class='ocrx_word' id='word_1_52' title='bbox 1235 1027 1406 1111; x_wconf 87' lang='lat' dir='ltr'>Quia</span> <span class='ocrx_word' id='word_1_53' title='bbox 1441 1045 1594 1088; x_wconf 86' lang='lat' dir='ltr'>vero</span> <span class='ocrx_word' id='word_1_54' title='bbox 1629 1025 1844 1087; x_wconf 89' lang='lat' dir='ltr'>omnis</span> <span class='ocrx_word' id='word_1_55' title='bbox 1881 1025 2314 1108; x_wconf 66' lang='lat' dir='ltr'>diphthongus</span> <span class='ocrx_word' id='word_1_56' title='bbox 2353 1025 2512 1087; x_wconf 85' lang='lat' dir='ltr'>dua·-</span> <span class='ocrx_word' id='word_1_57' title='bbox 2582 1081 2589 1088; x_wconf 91' lang='lat'><strong><em>.</em></strong></span> 
     </span>
     <span class='ocr_line' id='line_1_8' title="bbox 290 1127 2512 1245; baseline -0.002 -52"><span class='ocrx_word' id='word_1_58' title='bbox 290 1159 296 1164; x_wconf 95' lang='lat'><em>·</em></span> <span class='ocrx_word' id='word_1_59' title='bbox 368 1130 491 1194; x_wconf 79' lang='lat' dir='ltr'>bus</span> <span class='ocrx_word' id='word_1_60' title='bbox 526 1129 855 1193; x_wconf 86' lang='lat' dir='ltr'>vocalibus</span> <span class='ocrx_word' id='word_1_61' title='bbox 890 1129 1282 1212; x_wconf 81' lang='lat' dir='ltr'>aequivalet3</span> <span class='ocrx_word' id='word_1_62' title='bbox 1330 1141 1391 1191; x_wconf 89' lang='lat' dir='ltr'>et</span> <span class='ocrx_word' id='word_1_63' title='bbox 1424 1127 1578 1211; x_wconf 88' lang='lat' dir='ltr'>quia</span> <span class='ocrx_word' id='word_1_64' title='bbox 1604 1130 1768 1190; x_wconf 87' lang='lat' dir='ltr'>inter</span> <span class='ocrx_word' id='word_1_65' title='bbox 1801 1131 2054 1245; x_wconf 76' lang='lat' dir='ltr'>quasvis</span> <span class='ocrx_word' id='word_1_66' title='bbox 2089 1129 2246 1193; x_wconf 87' lang='lat' dir='ltr'>duas</span> <span class='ocrx_word' id='word_1_67' title='bbox 2280 1149 2512 1191; x_wconf 87' lang='lat' dir='ltr'>conso-</span> 
     </span>
    </p>
   </div>
   <div class='ocr_carea' id='block_1_3' title="bbox 369 1223 2624 1316">
    <p class='ocr_par' dir='ltr' id='par_1_3' title="bbox 369 1223 2624 1316">
     <span class='ocr_line' id='line_1_9' title="bbox 369 1223 2624 1316; baseline -0.001 -22"><span class='ocrx_word' id='word_1_68' title='bbox 369 1254 486 1296; x_wconf 86' lang='lat' dir='ltr'>nas</span> <span class='ocrx_word' id='word_1_69' title='bbox 520 1256 554 1295; x_wconf 75' lang='lat' dir='ltr'>e</span> <span class='ocrx_word' id='word_1_70' title='bbox 589 1233 1039 1295; x_wconf 89' lang='lat' dir='ltr'>brevissimum</span> <span class='ocrx_word' id='word_1_71' title='bbox 1062 1231 1278 1293; x_wconf 90' lang='lat' dir='ltr'>locum</span> <span class='ocrx_word' id='word_1_72' title='bbox 1320 1227 1546 1290; x_wconf 87' lang='lat' dir='ltr'>habet.</span> <span class='ocrx_word' id='word_1_73' title='bbox 1584 1229 1733 1292; x_wconf 88' lang='lat' dir='ltr'>ideo</span> <span class='ocrx_word' id='word_1_74' title='bbox 1765 1223 2024 1314; x_wconf 80' lang='lat' dir='ltr'>quaevis</span> <span class='ocrx_word' id='word_1_75' title='bbox 2045 1230 2304 1313; x_wconf 81' lang='lat' dir='ltr'>syllaba,</span> <span class='ocrx_word' id='word_1_76' title='bbox 2325 1230 2513 1316; x_wconf 78' lang='lat' dir='ltr'>diph·</span> <span class='ocrx_word' id='word_1_77' title='bbox 2613 1227 2624 1243; x_wconf 89' lang='lat'><em>&#39;</em></span> 
     </span>
    </p>
   </div>
   <div class='ocr_carea' id='block_1_4' title="bbox 298 1314 2521 1724">
    <p class='ocr_par' dir='ltr' id='par_1_4' title="bbox 298 1314 2521 1724">
     <span class='ocr_line' id='line_1_10' title="bbox 372 1314 2513 1416; baseline 0 -19"><span class='ocrx_word' id='word_1_78' title='bbox 372 1314 617 1416; x_wconf 82' lang='lat' dir='ltr'>thongo</span> <span class='ocrx_word' id='word_1_79' title='bbox 654 1348 763 1396; x_wconf 89' lang='lat' dir='ltr'>aut</span> <span class='ocrx_word' id='word_1_80' title='bbox 797 1334 1037 1416; x_wconf 87' lang='lat' dir='ltr'>duplici</span> <span class='ocrx_word' id='word_1_81' title='bbox 1078 1353 1365 1395; x_wconf 87' lang='lat' dir='ltr'>consona</span> <span class='ocrx_word' id='word_1_82' title='bbox 1419 1353 1531 1394; x_wconf 85' lang='lat' dir='ltr'>seu</span> <span class='ocrx_word' id='word_1_83' title='bbox 1575 1347 1722 1394; x_wconf 88' lang='lat' dir='ltr'>ante</span> <span class='ocrx_word' id='word_1_84' title='bbox 1771 1353 1880 1394; x_wconf 88' lang='lat' dir='ltr'>seu</span> <span class='ocrx_word' id='word_1_85' title='bbox 1921 1347 2068 1415; x_wconf 87' lang='lat' dir='ltr'>post</span> <span class='ocrx_word' id='word_1_86' title='bbox 2099 1331 2357 1409; x_wconf 81' lang='lat' dir='ltr'>affecta,</span> <span class='ocrx_word' id='word_1_87' title='bbox 2395 1353 2513 1416; x_wconf 86' lang='lat' dir='ltr'>pro</span> 
     </span>
     <span class='ocr_line' id='line_1_11' title="bbox 298 1419 2516 1519; baseline -0.001 -19"><span class='ocrx_word' id='word_1_88' title='bbox 298 1419 307 1431; x_wconf 54' lang='grc'><em>’</em></span> <span class='ocrx_word' id='word_1_89' title='bbox 375 1437 737 1519; x_wconf 80' lang='lat' dir='ltr'>composita</span> <span class='ocrx_word' id='word_1_90' title='bbox 764 1435 1056 1498; x_wconf 86' lang='lat' dir='ltr'>habenda</span> <span class='ocrx_word' id='word_1_91' title='bbox 1079 1478 1098 1509; x_wconf 86' lang='lat'>,</span> <span class='ocrx_word' id='word_1_92' title='bbox 1145 1449 1343 1519; x_wconf 86' lang='lat' dir='ltr'>utque</span> <span class='ocrx_word' id='word_1_93' title='bbox 1376 1433 1484 1496; x_wconf 85' lang='lat' dir='ltr'>fiat</span> <span class='ocrx_word' id='word_1_94' title='bbox 1510 1435 1822 1518; x_wconf 82' lang='lat' dir='ltr'>simplex,</span> <span class='ocrx_word' id='word_1_95' title='bbox 1869 1434 2167 1497; x_wconf 87' lang='lat' dir='ltr'>alterutra</span> <span class='ocrx_word' id='word_1_96' title='bbox 2195 1437 2516 1498; x_wconf 81' lang='lat' dir='ltr'>vocalium</span> 
     </span>
     <span class='ocr_line' id='line_1_12' title="bbox 371 1537 2519 1621; baseline -0.002 -19"><span class='ocrx_word' id='word_1_97' title='bbox 371 1554 479 1602; x_wconf 86' lang='lat' dir='ltr'>aut</span> <span class='ocrx_word' id='word_1_98' title='bbox 513 1539 1008 1602; x_wconf 88' lang='lat' dir='ltr'>consonantium</span> <span class='ocrx_word' id='word_1_99' title='bbox 1045 1552 1141 1600; x_wconf 86' lang='lat' dir='ltr'>est</span> <span class='ocrx_word' id='word_1_100' title='bbox 1175 1537 1606 1620; x_wconf 82' lang='lat' dir='ltr'>eliminanda,</span> <span class='ocrx_word' id='word_1_101' title='bbox 1651 1541 1875 1621; x_wconf 87' lang='lat' dir='ltr'>sicque</span> <span class='ocrx_word' id='word_1_102' title='bbox 1906 1540 2342 1620; x_wconf 86' lang='lat' dir='ltr'>germanicum</span> <span class='ocrx_word' id='word_1_103' title='bbox 2376 1541 2519 1618; x_wconf 55' lang='grc' dir='ltr'>δεῖς</span> 
     </span>
     <span class='ocr_line' id='line_1_13' title="bbox 374 1639 2521 1724; baseline -0.001 -19"><span class='ocrx_word' id='word_1_104' title='bbox 374 1643 457 1706; x_wconf 87' lang='lat' dir='ltr'>ad</span> <span class='ocrx_word' id='word_1_105' title='bbox 480 1666 606 1724; x_wconf 74' lang='lat' dir='ltr'>geg</span> <span class='ocrx_word' id='word_1_106' title='bbox 636 1642 738 1704; x_wconf 83' lang='lat' dir='ltr'>vel</span> <span class='ocrx_word' id='word_1_107' title='bbox 785 1644 934 1722; x_wconf 76' lang='lat' dir='ltr'>gig,</span> <span class='ocrx_word' id='word_1_108' title='bbox 972 1647 1100 1718; x_wconf 79' lang='lat' dir='ltr'>fest</span> <span class='ocrx_word' id='word_1_109' title='bbox 1138 1661 1291 1702; x_wconf 85' lang='lat' dir='ltr'>vero</span> <span class='ocrx_word' id='word_1_110' title='bbox 1328 1640 1409 1701; x_wconf 90' lang='lat' dir='ltr'>ad</span> <span class='ocrx_word' id='word_1_111' title='bbox 1435 1643 1550 1716; x_wconf 73' lang='lat' dir='ltr'>fes</span> <span class='ocrx_word' id='word_1_112' title='bbox 1595 1639 1694 1700; x_wconf 78' lang='lat' dir='ltr'>vel</span> <span class='ocrx_word' id='word_1_113' title='bbox 1731 1653 1840 1718; x_wconf 70' lang='grc' dir='ltr'>με</span> <span class='ocrx_word' id='word_1_114' title='bbox 1891 1643 2008 1716; x_wconf 76' lang='lat' dir='ltr'>erit</span> <span class='ocrx_word' id='word_1_115' title='bbox 2048 1639 2521 1717; x_wconf 84' lang='lat' dir='ltr'>reducendum,</span> 
     </span>
    </p>
   </div>
   <div class='ocr_carea' id='block_1_5' title="bbox 371 1741 2616 1831">
    <p class='ocr_par' dir='ltr' id='par_1_5' title="bbox 371 1741 2616 1831">
     <span class='ocr_line' id='line_1_14' title="bbox 371 1741 2616 1831; baseline -0.003 -23"><span class='ocrx_word' id='word_1_116' title='bbox 371 1759 569 1831; x_wconf 88' lang='lat' dir='ltr'>prout</span> <span class='ocrx_word' id='word_1_117' title='bbox 601 1765 817 1807; x_wconf 82' lang='lat' dir='ltr'>revera</span> <span class='ocrx_word' id='word_1_118' title='bbox 852 1744 1051 1824; x_wconf 78' lang='lat' dir='ltr'>altero</span> <span class='ocrx_word' id='word_1_119' title='bbox 1095 1741 1222 1803; x_wconf 89' lang='lat' dir='ltr'>hoc</span> <span class='ocrx_word' id='word_1_120' title='bbox 1257 1743 1456 1804; x_wconf 90' lang='lat' dir='ltr'>modo</span> <span class='ocrx_word' id='word_1_121' title='bbox 1487 1763 1722 1824; x_wconf 86' lang='lat' dir='ltr'>magna</span> <span class='ocrx_word' id='word_1_122' title='bbox 1766 1745 2065 1826; x_wconf 87' lang='lat' dir='ltr'>magistra</span> <span class='ocrx_word' id='word_1_123' title='bbox 2121 1759 2343 1807; x_wconf 86' lang='lat' dir='ltr'>natura</span> <span class='ocrx_word' id='word_1_124' title='bbox 2388 1745 2520 1827; x_wconf 85' lang='lat' dir='ltr'>pri·-</span> <span class='ocrx_word' id='word_1_125' title='bbox 2609 1797 2616 1802; x_wconf 81' lang='grc'><strong>.</strong></span> 
     </span>
    </p>
   </div>
   <div class='ocr_carea' id='block_1_6' title="bbox 320 1844 2528 4269">
    <p class='ocr_par' dir='ltr' id='par_1_6' title="bbox 320 1844 2528 4269">
     <span class='ocr_line' id='line_1_15' title="bbox 375 1844 2520 1930; baseline -0.001 -20"><span class='ocrx_word' id='word_1_126' title='bbox 375 1867 557 1910; x_wconf 88' lang='lat' dir='ltr'>mum</span> <span class='ocrx_word' id='word_1_127' title='bbox 594 1847 862 1930; x_wconf 83' lang='lat' dir='ltr'>quidem</span> <span class='ocrx_word' id='word_1_128' title='bbox 910 1846 979 1908; x_wconf 88' lang='lat' dir='ltr'>in</span> <span class='ocrx_word' id='word_1_129' title='bbox 1028 1844 1245 1926; x_wconf 84' lang='lat' dir='ltr'>lingua</span> <span class='ocrx_word' id='word_1_130' title='bbox 1292 1846 1579 1926; x_wconf 84' lang='lat' dir='ltr'>anglica,</span> <span class='ocrx_word' id='word_1_131' title='bbox 1618 1844 1887 1914; x_wconf 78' lang='lat' dir='ltr'>alterum</span> <span class='ocrx_word' id='word_1_132' title='bbox 1921 1857 2132 1908; x_wconf 88' lang='lat' dir='ltr'>autem</span> <span class='ocrx_word' id='word_1_133' title='bbox 2181 1847 2247 1908; x_wconf 88' lang='lat' dir='ltr'>in</span> <span class='ocrx_word' id='word_1_134' title='bbox 2297 1844 2520 1928; x_wconf 79' lang='lat' dir='ltr'>gallica</span> 
     </span>
     <span class='ocr_line' id='line_1_16' title="bbox 368 1939 2521 2034; baseline -0.001 -22"><span class='ocrx_word' id='word_1_135' title='bbox 368 1951 638 2013; x_wconf 77' lang='lat' dir='ltr'>reduxit.</span> <span class='ocrx_word' id='word_1_136' title='bbox 684 1939 1001 2011; x_wconf 86' lang='lat' dir='ltr'>Tandem&#39;</span> <span class='ocrx_word' id='word_1_137' title='bbox 1024 1950 1091 2008; x_wconf 86' lang='lat' dir='ltr'>in</span> <span class='ocrx_word' id='word_1_138' title='bbox 1129 1947 1455 2010; x_wconf 83' lang='lat' dir='ltr'>vocabulis</span> <span class='ocrx_word' id='word_1_139' title='bbox 1493 1948 1978 2034; x_wconf 81' lang='lat' dir='ltr'>monosyllabis,</span> <span class='ocrx_word' id='word_1_140' title='bbox 2025 1947 2110 2012; x_wconf 87' lang='lat' dir='ltr'>ad</span> <span class='ocrx_word' id='word_1_141' title='bbox 2142 1950 2521 2032; x_wconf 83' lang='lat' dir='ltr'>simplicita-</span> 
     </span>
     <span class='ocr_line' id='line_1_17' title="bbox 372 2049 2519 2132; baseline -0.001 -18"><span class='ocrx_word' id='word_1_142' title='bbox 372 2061 505 2115; x_wconf 79' lang='lat' dir='ltr'>tem</span> <span class='ocrx_word' id='word_1_143' title='bbox 534 2052 889 2116; x_wconf 85' lang='lat' dir='ltr'>naturalem</span> <span class='ocrx_word' id='word_1_144' title='bbox 928 2050 1225 2124; x_wconf 88' lang='lat' dir='ltr'>redactis,</span> <span class='ocrx_word' id='word_1_145' title='bbox 1260 2049 1461 2132; x_wconf 81' lang='lat' dir='ltr'>probe</span> <span class='ocrx_word' id='word_1_146' title='bbox 1480 2049 1968 2132; x_wconf 86' lang='lat' dir='ltr'>distinguendus</span> <span class='ocrx_word' id='word_1_147' title='bbox 2009 2063 2103 2112; x_wconf 89' lang='lat' dir='ltr'>est</span> <span class='ocrx_word' id='word_1_148' title='bbox 2156 2073 2378 2114; x_wconf 86' lang='lat' dir='ltr'>sensus</span> <span class='ocrx_word' id='word_1_149' title='bbox 2410 2049 2519 2112; x_wconf 89' lang='lat' dir='ltr'>ille</span> 
     </span>
     <span class='ocr_line' id='line_1_18' title="bbox 370 2153 2522 2236; baseline -0.002 -18"><span class='ocrx_word' id='word_1_150' title='bbox 370 2155 782 2229; x_wconf 80' lang='lat' dir='ltr'>communis,</span> <span class='ocrx_word' id='word_1_151' title='bbox 835 2154 1163 2236; x_wconf 85' lang='lat' dir='ltr'>genericus</span> <span class='ocrx_word' id='word_1_152' title='bbox 1214 2171 1289 2214; x_wconf 85' lang='lat' dir='ltr'>ac</span> <span class='ocrx_word' id='word_1_153' title='bbox 1336 2154 1745 2226; x_wconf 88' lang='lat' dir='ltr'>universalis,</span> <span class='ocrx_word' id='word_1_154' title='bbox 1800 2173 1993 2235; x_wconf 87' lang='lat' dir='ltr'>quem</span> <span class='ocrx_word' id='word_1_155' title='bbox 2049 2153 2117 2214; x_wconf 83' lang='lat' dir='ltr'>in</span> <span class='ocrx_word' id='word_1_156' title='bbox 2158 2153 2369 2234; x_wconf 82' lang='lat' dir='ltr'>lingua</span> <span class='ocrx_word' id='word_1_157' title='bbox 2403 2175 2522 2214; x_wconf 78' lang='lat' dir='ltr'>na·</span> 
     </span>
     <span class='ocr_line' id='line_1_19' title="bbox 367 2253 2522 2339; baseline -0.001 -21"><span class='ocrx_word' id='word_1_158' title='bbox 367 2255 967 2328; x_wconf 83' lang='lat' dir='ltr'>turali&#39;habuerunt,</span> <span class='ocrx_word' id='word_1_159' title='bbox 994 2275 1032 2315; x_wconf 86' lang='lat' dir='ltr'>a</span> <span class='ocrx_word' id='word_1_160' title='bbox 1064 2275 1253 2318; x_wconf 87' lang='lat' dir='ltr'>sensu</span> <span class='ocrx_word' id='word_1_161' title='bbox 1274 2253 1383 2315; x_wconf 88' lang='lat' dir='ltr'>illo</span> <span class='ocrx_word' id='word_1_162' title='bbox 1416 2258 1705 2339; x_wconf 79' lang='lat' dir='ltr'>proprio,</span> <span class='ocrx_word' id='word_1_163' title='bbox 1723 2253 2113 2338; x_wconf 73' lang='lat' dir='ltr'>particulari,</span> <span class='ocrx_word' id='word_1_164' title='bbox 2147 2269 2209 2317; x_wconf 91' lang='lat' dir='ltr'>et</span> <span class='ocrx_word' id='word_1_165' title='bbox 2241 2254 2319 2316; x_wconf 84' lang='lat' dir='ltr'>ad</span> <span class='ocrx_word' id='word_1_166' title='bbox 2352 2267 2522 2317; x_wconf 84' lang='lat' dir='ltr'>certa</span> 
     </span>
     <span class='ocr_line' id='line_1_20' title="bbox 320 2344 2522 2443; baseline 0.001 -25"><span class='ocrx_word' id='word_1_167' title='bbox 320 2403 334 2418; x_wconf 84' lang='lat'><strong>.</strong></span> <span class='ocrx_word' id='word_1_168' title='bbox 370 2358 625 2443; x_wconf 86' lang='lat' dir='ltr'>objecta</span> <span class='ocrx_word' id='word_1_169' title='bbox 651 2357 981 2436; x_wconf 86' lang='lat' dir='ltr'>restricto,</span> <span class='ocrx_word' id='word_1_170' title='bbox 1027 2365 1233 2441; x_wconf 77' lang='lat' dir='ltr'>quein</span> <span class='ocrx_word' id='word_1_171' title='bbox 1260 2356 1581 2421; x_wconf 84' lang='lat' dir='ltr'>diversum</span> <span class='ocrx_word' id='word_1_172' title='bbox 1615 2344 1860 2420; x_wconf 72' lang='lat' dir='ltr'>diversa</span> <span class='ocrx_word' id='word_1_173' title='bbox 1894 2357 2238 2421; x_wconf 67' lang='lat' dir='ltr'>hominum</span> <span class='ocrx_word' id='word_1_174' title='bbox 2276 2357 2522 2427; x_wconf 87' lang='lat' dir='ltr'>cultura</span> 
     </span>
     <span class='ocr_line' id='line_1_21' title="bbox 368 2458 2518 2543; baseline -0 -19"><span class='ocrx_word' id='word_1_175' title='bbox 368 2463 603 2525; x_wconf 82' lang='lat' dir='ltr'>iisdem</span> <span class='ocrx_word' id='word_1_176' title='bbox 634 2458 993 2543; x_wconf 82' lang='lat' dir='ltr'>assignavit.</span> <span class='ocrx_word' id='word_1_177' title='bbox 1034 2459 1290 2541; x_wconf 84' lang='lat' dir='ltr'>Quodsi</span> <span class='ocrx_word' id='word_1_178' title='bbox 1322 2482 1548 2523; x_wconf 87' lang='lat' dir='ltr'>sensus</span> <span class='ocrx_word' id='word_1_179' title='bbox 1580 2459 1687 2522; x_wconf 88' lang='lat' dir='ltr'>ille</span> <span class='ocrx_word' id='word_1_180' title='bbox 1705 2461 2074 2523; x_wconf 88' lang='lat' dir='ltr'>communis</span> <span class='ocrx_word' id='word_1_181' title='bbox 2106 2462 2172 2525; x_wconf 88' lang='lat' dir='ltr'>in</span> <span class='ocrx_word' id='word_1_182' title='bbox 2197 2460 2518 2524; x_wconf 84' lang='lat' dir='ltr'>radicibus</span> 
     </span>
     <span class='ocr_line' id='line_1_22' title="bbox 374 2562 2518 2649; baseline 0 -24"><span class='ocrx_word' id='word_1_183' title='bbox 374 2562 641 2647; x_wconf 83' lang='lat' dir='ltr'>alicujus</span> <span class='ocrx_word' id='word_1_184' title='bbox 672 2562 929 2644; x_wconf 85' lang='lat' dir='ltr'>linguae</span> <span class='ocrx_word' id='word_1_185' title='bbox 961 2562 1358 2646; x_wconf 77' lang='lat' dir='ltr'>particularis</span> <span class='ocrx_word' id='word_1_186' title='bbox 1401 2582 1534 2625; x_wconf 88' lang='lat' dir='ltr'>non</span> <span class='ocrx_word' id='word_1_187' title='bbox 1593 2562 2139 2646; x_wconf 83' lang='lat' dir='ltr'>deprehendatur:</span> <span class='ocrx_word' id='word_1_188' title='bbox 2184 2570 2518 2649; x_wconf 79' lang='lat' dir='ltr'>pro&#39;certo</span> 
     </span>
     <span class='ocr_line' id='line_1_23' title="bbox 371 2666 2522 2753; baseline 0 -25"><span class='ocrx_word' id='word_1_189' title='bbox 371 2666 586 2753; x_wconf 83' lang='lat' dir='ltr'>haberi</span> <span class='ocrx_word' id='word_1_190' title='bbox 620 2678 853 2750; x_wconf 87' lang='lat' dir='ltr'>potest,</span> <span class='ocrx_word' id='word_1_191' title='bbox 872 2666 1081 2750; x_wconf 77' lang='lat' dir='ltr'>ipsam</span> <span class='ocrx_word' id='word_1_192' title='bbox 1112 2668 1247 2728; x_wconf 77' lang='lat' dir='ltr'>non</span> <span class='ocrx_word' id='word_1_193' title='bbox 1272 2666 1666 2741; x_wconf 85' lang='lat' dir='ltr'>immediate,</span> <span class='ocrx_word' id='word_1_194' title='bbox 1685 2666 1796 2728; x_wconf 91' lang='lat' dir='ltr'>sed</span> <span class='ocrx_word' id='word_1_195' title='bbox 1831 2666 2103 2730; x_wconf 86' lang='lat' dir='ltr'>mediate</span> <span class='ocrx_word' id='word_1_196' title='bbox 2125 2682 2374 2729; x_wconf 90' lang='lat' dir='ltr'>tantum</span> <span class='ocrx_word' id='word_1_197' title='bbox 2404 2682 2522 2750; x_wconf 82' lang='lat' dir='ltr'>per</span> 
     </span>
     <span class='ocr_line' id='line_1_24' title="bbox 370 2762 2522 2852; baseline 0 -21"><span class='ocrx_word' id='word_1_198' title='bbox 370 2766 563 2831; x_wconf 82' lang='lat' dir='ltr'>aliam</span> <span class='ocrx_word' id='word_1_199' title='bbox 612 2767 900 2852; x_wconf 88' lang='lat' dir='ltr'>linguam</span> <span class='ocrx_word' id='word_1_200' title='bbox 976 2762 1407 2852; x_wconf 82' lang='lat' dir='ltr'>antiquiorem</span> <span class='ocrx_word' id='word_1_201' title='bbox 1472 2790 1547 2831; x_wconf 85' lang='lat' dir='ltr'>ex</span> <span class='ocrx_word' id='word_1_202' title='bbox 1594 2770 1810 2851; x_wconf 82' lang='lat' dir='ltr'>lingua</span> <span class='ocrx_word' id='word_1_203' title='bbox 1861 2766 2210 2832; x_wconf 80' lang='lat' dir='ltr'>universali</span> <span class='ocrx_word' id='word_1_204' title='bbox 2254 2770 2522 2832; x_wconf 86' lang='lat' dir='ltr'>descen·</span> 
     </span>
     <span class='ocr_line' id='line_1_25' title="bbox 324 2868 2519 2953; baseline 0 -20"><span class='ocrx_word' id='word_1_205' title='bbox 324 2923 340 2939; x_wconf 85' lang='lat'><em>.</em></span> <span class='ocrx_word' id='word_1_206' title='bbox 378 2870 567 2934; x_wconf 87' lang='lat' dir='ltr'>disse.</span> <span class='ocrx_word' id='word_1_207' title='bbox 614 2872 719 2933; x_wconf 90' lang='lat' dir='ltr'>Sic</span> <span class='ocrx_word' id='word_1_208' title='bbox 755 2872 906 2953; x_wconf 89' lang='lat' dir='ltr'>quia</span> <span class='ocrx_word' id='word_1_209' title='bbox 938 2870 1115 2933; x_wconf 83' lang='lat' dir='ltr'>radix</span> <span class='ocrx_word' id='word_1_210' title='bbox 1152 2868 1300 2941; x_wconf 80' lang='lat' dir='ltr'>lcut,</span> <span class='ocrx_word' id='word_1_211' title='bbox 1346 2888 1541 2951; x_wconf 86' lang='lat' dir='ltr'>quam</span> <span class='ocrx_word' id='word_1_212' title='bbox 1571 2871 1790 2932; x_wconf 88' lang='lat' dir='ltr'>Latini</span> <span class='ocrx_word' id='word_1_213' title='bbox 1825 2871 1905 2932; x_wconf 91' lang='lat' dir='ltr'>ad</span> <span class='ocrx_word' id='word_1_214' title='bbox 1943 2885 2180 2943; x_wconf 89' lang='lat' dir='ltr'>cutem,</span> <span class='ocrx_word' id='word_1_215' title='bbox 2201 2871 2519 2935; x_wconf 85' lang='lat' dir='ltr'>Germani</span> 
     </span>
     <span class='ocr_line' id='line_1_26' title="bbox 370 2964 2519 3052; baseline -0 -17"><span class='ocrx_word' id='word_1_216' title='bbox 370 2973 449 3035; x_wconf 86' lang='lat' dir='ltr'>ad</span> <span class='ocrx_word' id='word_1_217' title='bbox 479 2988 747 3046; x_wconf 80' lang='lat' dir='ltr'>vestem,</span> <span class='ocrx_word' id='word_1_218' title='bbox 793 2970 967 3034; x_wconf 88' lang='lat' dir='ltr'>Slavi</span> <span class='ocrx_word' id='word_1_219' title='bbox 1005 2971 1087 3033; x_wconf 90' lang='lat' dir='ltr'>ad</span> <span class='ocrx_word' id='word_1_220' title='bbox 1120 2967 1454 3043; x_wconf 87' lang='lat' dir='ltr'>latebram,</span> <span class='ocrx_word' id='word_1_221' title='bbox 1474 2964 1767 3052; x_wconf 84' lang='lat' dir='ltr'>Hungari</span> <span class='ocrx_word' id='word_1_222' title='bbox 1807 2971 1886 3031; x_wconf 85' lang='lat' dir='ltr'>ad</span> <span class='ocrx_word' id='word_1_223' title='bbox 1919 2982 2186 3051; x_wconf 86' lang='lat' dir='ltr'>puteum</span> <span class='ocrx_word' id='word_1_224' title='bbox 2226 2970 2519 3035; x_wconf 84' lang='lat' dir='ltr'>indican-</span> 
     </span>
     <span class='ocr_line' id='line_1_27' title="bbox 369 3070 2528 3155; baseline -0 -18"><span class='ocrx_word' id='word_1_225' title='bbox 369 3075 525 3137; x_wconf 87' lang='lat' dir='ltr'>dum</span> <span class='ocrx_word' id='word_1_226' title='bbox 558 3074 1040 3147; x_wconf 78' lang='lat' dir='ltr'>restrinxerunt,</span> <span class='ocrx_word' id='word_1_227' title='bbox 1060 3074 1126 3134; x_wconf 90' lang='lat' dir='ltr'>in</span> <span class='ocrx_word' id='word_1_228' title='bbox 1158 3070 1296 3133; x_wconf 86' lang='lat' dir='ltr'>sola</span> <span class='ocrx_word' id='word_1_229' title='bbox 1338 3070 1554 3151; x_wconf 86' lang='lat' dir='ltr'>lingua</span> <span class='ocrx_word' id='word_1_230' title='bbox 1591 3090 1811 3154; x_wconf 81' lang='lat' dir='ltr'>graeca</span> <span class='ocrx_word' id='word_1_231' title='bbox 1850 3084 2099 3155; x_wconf 83' lang='lat' dir='ltr'>praeter</span> <span class='ocrx_word' id='word_1_232' title='bbox 2132 3072 2340 3136; x_wconf 82' lang='lat' dir='ltr'>varios</span> <span class='ocrx_word' id='word_1_233' title='bbox 2373 3094 2528 3137; x_wconf 57' lang='lat' dir='ltr'>sen-⁸</span> 
     </span>
     <span class='ocr_line' id='line_1_28' title="bbox 367 3162 2526 3261; baseline 0 -22"><span class='ocrx_word' id='word_1_234' title='bbox 367 3198 475 3239; x_wconf 85' lang='lat' dir='ltr'>sus</span> <span class='ocrx_word' id='word_1_235' title='bbox 508 3162 919 3261; x_wconf 77' lang='lat' dir='ltr'>particulares</span> <span class='ocrx_word' id='word_1_236' title='bbox 958 3176 1151 3238; x_wconf 88' lang='lat' dir='ltr'>etiam</span> <span class='ocrx_word' id='word_1_237' title='bbox 1185 3168 1612 3245; x_wconf 83' lang='lat' dir='ltr'>communem</span> <span class='ocrx_word' id='word_1_238' title='bbox 1647 3170 2056 3258; x_wconf 85' lang='lat' dir='ltr'>receptaculi,</span> <span class='ocrx_word' id='word_1_239' title='bbox 2090 3172 2370 3237; x_wconf 81' lang='lat' dir='ltr'>cavitatis</span> <span class='ocrx_word' id='word_1_240' title='bbox 2401 3195 2526 3255; x_wconf 36' lang='lat' dir='ltr'>seu„</span> 
     </span>
     <span class='ocr_line' id='line_1_29' title="bbox 366 3276 2514 3364; baseline 0.001 -23"><span class='ocrx_word' id='word_1_241' title='bbox 366 3281 591 3363; x_wconf 86' lang='lat' dir='ltr'>spatii,</span> <span class='ocrx_word' id='word_1_242' title='bbox 628 3301 711 3341; x_wconf 84' lang='lat' dir='ltr'>ex</span> <span class='ocrx_word' id='word_1_243' title='bbox 744 3301 874 3364; x_wconf 86' lang='lat' dir='ltr'>quo</span> <span class='ocrx_word' id='word_1_244' title='bbox 903 3278 1082 3342; x_wconf 88' lang='lat' dir='ltr'>&#39;allati</span> <span class='ocrx_word' id='word_1_245' title='bbox 1116 3298 1339 3353; x_wconf 82' lang='lat' dir='ltr'>sensus</span> <span class='ocrx_word' id='word_1_246' title='bbox 1372 3278 1784 3360; x_wconf 84' lang='lat' dir='ltr'>particulares</span> <span class='ocrx_word' id='word_1_247' title='bbox 1822 3276 2004 3341; x_wconf 84' lang='lat' dir='ltr'>facile</span> <span class='ocrx_word' id='word_1_248' title='bbox 2036 3276 2331 3361; x_wconf 88' lang='lat' dir='ltr'>explicari</span> <span class='ocrx_word' id='word_1_249' title='bbox 2365 3300 2514 3363; x_wconf 79' lang='lat' dir='ltr'>pos-</span> 
     </span>
     <span class='ocr_line' id='line_1_30' title="bbox 364 3373 2510 3465; baseline 0 -20"><span class='ocrx_word' id='word_1_250' title='bbox 364 3396 553 3457; x_wconf 80' lang='lat' dir='ltr'>sunt,</span> <span class='ocrx_word' id='word_1_251' title='bbox 596 3378 827 3445; x_wconf 84' lang='lat' dir='ltr'>habere</span> <span class='ocrx_word' id='word_1_252' title='bbox 876 3382 1232 3445; x_wconf 84' lang='lat' dir='ltr'>invenitur:</span> <span class='ocrx_word' id='word_1_253' title='bbox 1283 3380 1517 3443; x_wconf 86' lang='lat' dir='ltr'>merito</span> <span class='ocrx_word' id='word_1_254' title='bbox 1570 3402 1645 3444; x_wconf 86' lang='lat' dir='ltr'>ex</span> <span class='ocrx_word' id='word_1_255' title='bbox 1698 3373 2222 3445; x_wconf 86' lang='lat' dir='ltr'>commemoratis</span> <span class='ocrx_word' id='word_1_256' title='bbox 2271 3382 2510 3465; x_wconf 77' lang='lat' dir='ltr'>linguis</span> 
     </span>
     <span class='ocr_line' id='line_1_31' title="bbox 363 3484 2523 3567; baseline 0 -20"><span class='ocrx_word' id='word_1_257' title='bbox 363 3486 570 3548; x_wconf 84' lang='lat' dir='ltr'>solam</span> <span class='ocrx_word' id='word_1_258' title='bbox 602 3504 895 3567; x_wconf 76' lang='lat' dir='ltr'>graecam</span> <span class='ocrx_word' id='word_1_259' title='bbox 927 3484 1303 3547; x_wconf 83' lang='lat' dir='ltr'>immediate</span> <span class='ocrx_word' id='word_1_260' title='bbox 1323 3525 1342 3558; x_wconf 90' lang='lat'>,</span> <span class='ocrx_word' id='word_1_261' title='bbox 1378 3497 1676 3565; x_wconf 56' lang='lat' dir='ltr'>caeteras„</span> <span class='ocrx_word' id='word_1_262' title='bbox 1693 3496 1906 3547; x_wconf 88' lang='lat' dir='ltr'>autem</span> <span class='ocrx_word' id='word_1_263' title='bbox 1941 3496 2188 3547; x_wconf 86' lang='lat' dir='ltr'>tantum</span> <span class='ocrx_word' id='word_1_264' title='bbox 2227 3484 2523 3549; x_wconf 85' lang='lat' dir='ltr'>mediate‘·</span> 
     </span>
     <span class='ocr_line' id='line_1_32' title="bbox 362 3586 2510 3669; baseline 0 -19"><span class='ocrx_word' id='word_1_265' title='bbox 362 3604 451 3651; x_wconf 74' lang='lat' dir='ltr'>ex·</span> <span class='ocrx_word' id='word_1_266' title='bbox 474 3588 692 3669; x_wconf 85' lang='lat' dir='ltr'>lingua</span> <span class='ocrx_word' id='word_1_267' title='bbox 723 3600 985 3649; x_wconf 78' lang='lat' dir='ltr'>naturae</span> <span class='ocrx_word' id='word_1_268' title='bbox 1036 3586 1374 3650; x_wconf 85' lang='lat' dir='ltr'>universali</span> <span class='ocrx_word' id='word_1_269' title='bbox 1421 3586 1728 3649; x_wconf 85' lang='lat' dir='ltr'>derivatas</span> <span class='ocrx_word' id='word_1_270' title='bbox 1761 3604 1896 3651; x_wconf 86' lang='lat' dir='ltr'>esse</span> <span class='ocrx_word' id='word_1_271' title='bbox 1917 3629 1938 3661; x_wconf 95' lang='lat'>,</span> <span class='ocrx_word' id='word_1_272' title='bbox 1973 3586 2392 3651; x_wconf 85' lang='lat' dir='ltr'>concluditur.</span> <span class='ocrx_word' id='word_1_273' title='bbox 2441 3586 2510 3651; x_wconf 77' lang='lat' dir='ltr'>St</span> 
     </span>
     <span class='ocr_line' id='line_1_33' title="bbox 359 3673 2507 3783; baseline 0.001 -32"><span class='ocrx_word' id='word_1_274' title='bbox 359 3690 491 3773; x_wconf 84' lang='lat' dir='ltr'>jam</span> <span class='ocrx_word' id='word_1_275' title='bbox 522 3691 737 3775; x_wconf 80' lang='lat' dir='ltr'>plures</span> <span class='ocrx_word' id='word_1_276' title='bbox 770 3690 1019 3771; x_wconf 82' lang='lat' dir='ltr'>linguas</span> <span class='ocrx_word' id='word_1_277' title='bbox 1052 3673 1463 3775; x_wconf 71' lang='lat' dir='ltr'>particulares</span> <span class='ocrx_word' id='word_1_278' title='bbox 1497 3690 1830 3761; x_wconf 66' lang='lat' dir='ltr'>methodo⁸</span> <span class='ocrx_word' id='word_1_279' title='bbox 1861 3691 2250 3783; x_wconf 84' lang='lat' dir='ltr'>praescripta</span> <span class='ocrx_word' id='word_1_280' title='bbox 2285 3690 2363 3752; x_wconf 88' lang='lat' dir='ltr'>ad</span> <span class='ocrx_word' id='word_1_281' title='bbox 2404 3710 2507 3753; x_wconf 82' lang='lat' dir='ltr'>ra·</span> 
     </span>
     <span class='ocr_line' id='line_1_34' title="bbox 366 3790 2508 3877; baseline 0 -22"><span class='ocrx_word' id='word_1_282' title='bbox 366 3790 539 3856; x_wconf 89' lang='lat' dir='ltr'>dices</span> <span class='ocrx_word' id='word_1_283' title='bbox 601 3793 1011 3877; x_wconf 71' lang='lat' dir='ltr'>primigenius</span> <span class='ocrx_word' id='word_1_284' title='bbox 1082 3793 1558 3855; x_wconf 84' lang='lat' dir='ltr'>reduxerimus:</span> <span class='ocrx_word' id='word_1_285' title='bbox 1610 3791 1868 3855; x_wconf 86' lang='lat' dir='ltr'>tandem</span> <span class='ocrx_word' id='word_1_286' title='bbox 1919 3792 1998 3853; x_wconf 84' lang='lat' dir='ltr'>ad</span> <span class='ocrx_word' id='word_1_287' title='bbox 2055 3791 2340 3875; x_wconf 86' lang='lat' dir='ltr'>linguam</span> <span class='ocrx_word' id='word_1_288' title='bbox 2390 3812 2508 3856; x_wconf 87' lang='lat' dir='ltr'>na·-</span> 
     </span>
     <span class='ocr_line' id='line_1_35' title="bbox 361 3891 2508 3979; baseline 0 -21"><span class='ocrx_word' id='word_1_289' title='bbox 361 3908 560 3959; x_wconf 86' lang='lat' dir='ltr'>turae</span> <span class='ocrx_word' id='word_1_290' title='bbox 575 3895 999 3959; x_wconf 82' lang='lat' dir='ltr'>universalem</span> <span class='ocrx_word' id='word_1_291' title='bbox 1033 3916 1149 3960; x_wconf 91' lang='lat' dir='ltr'>ceu</span> <span class='ocrx_word' id='word_1_292' title='bbox 1169 3912 1589 3959; x_wconf 84' lang='lat' dir='ltr'>communem</span> <span class='ocrx_word' id='word_1_293' title='bbox 1629 3891 1929 3958; x_wconf 84' lang='lat' dir='ltr'>omnium</span> <span class='ocrx_word' id='word_1_294' title='bbox 1965 3894 2328 3977; x_wconf 87' lang='lat' dir='ltr'>linguarum</span> <span class='ocrx_word' id='word_1_295' title='bbox 2363 3918 2508 3979; x_wconf 84' lang='lat' dir='ltr'>par-</span> 
     </span>
     <span class='ocr_line' id='line_1_36' title="bbox 358 3994 2506 4087; baseline 0.001 -27"><span class='ocrx_word' id='word_1_296' title='bbox 358 3998 724 4061; x_wconf 88' lang='lat' dir='ltr'>ticularium</span> <span class='ocrx_word' id='word_1_297' title='bbox 755 3998 1026 4074; x_wconf 85' lang='lat' dir='ltr'>fontem,</span> <span class='ocrx_word' id='word_1_298' title='bbox 1042 4019 1205 4083; x_wconf 88' lang='lat' dir='ltr'>quae</span> <span class='ocrx_word' id='word_1_299' title='bbox 1234 3996 1433 4087; x_wconf 72' lang='grc'><strong>5.,969</strong></span> <span class='ocrx_word' id='word_1_300' title='bbox 1451 3998 1780 4061; x_wconf 84' lang='lat' dir='ltr'>vocabulis</span> <span class='ocrx_word' id='word_1_301' title='bbox 1812 3998 2101 4060; x_wconf 85' lang='lat' dir='ltr'>unisonis</span> <span class='ocrx_word' id='word_1_302' title='bbox 2133 3994 2506 4074; x_wconf 69' lang='lat' dir='ltr'>absolvitur,</span> 
     </span>
     <span class='ocr_line' id='line_1_37' title="bbox 358 4100 2502 4188; baseline -0 -22"><span class='ocrx_word' id='word_1_303' title='bbox 358 4102 827 4185; x_wconf 83' lang='lat' dir='ltr'>perveniemus.</span> <span class='ocrx_word' id='word_1_304' title='bbox 852 4104 917 4169; x_wconf 86' lang='lat' dir='ltr'>Si</span> <span class='ocrx_word' id='word_1_305' title='bbox 936 4124 1133 4188; x_wconf 87' lang='lat' dir='ltr'>porro</span> <span class='ocrx_word' id='word_1_306' title='bbox 1163 4122 1311 4165; x_wconf 90' lang='lat' dir='ltr'>cum</span> <span class='ocrx_word' id='word_1_307' title='bbox 1348 4100 1675 4168; x_wconf 82' lang='lat' dir='ltr'>vocabulis</span> <span class='ocrx_word' id='word_1_308' title='bbox 1707 4102 1806 4171; x_wconf 86' lang='lat' dir='ltr'>his</span> <span class='ocrx_word' id='word_1_309' title='bbox 1835 4116 2098 4167; x_wconf 86' lang='lat' dir='ltr'>sensum</span> <span class='ocrx_word' id='word_1_310' title='bbox 2134 4100 2322 4166; x_wconf 89' lang='lat' dir='ltr'>illum</span> <span class='ocrx_word' id='word_1_311' title='bbox 2357 4122 2502 4187; x_wconf 76' lang='lat' dir='ltr'>spe·</span> 
     </span>
     <span class='ocr_line' id='line_1_38' title="bbox 2063 4213 2106 4269; baseline 0 -2"><span class='ocrx_word' id='word_1_312' title='bbox 2063 4213 2106 4269; x_wconf 74' lang='lat'><em>8</em></span> 
     </span>
    </p>
   </div>
   <div class='ocr_carea' id='block_1_7' title="bbox 3022 1808 3026 2513">
    <p class='ocr_par' dir='ltr' id='par_1_7' title="bbox 3022 1808 3026 2513">
     <span class='ocr_line' id='line_1_39' title="bbox 3022 1808 3026 2513; baseline 0 0"><span class='ocrx_word' id='word_1_313' title='bbox 3022 1808 3026 2513; x_wconf 95' lang='lat' dir='ltr'> </span> 
     </span>
    </p>
   </div>
  </div>
 </body>
</html>
