3043 4837
1454 321 1575 348 mm
1663 294 1946 374 neam

1262 442 1873 597 'THEsts
1961 497 2048 560 V.-

622 679 1139 766 Linguarum
1184 683 1822 769 particularium
1867 680 1964 742 ad
2011 680 2759 765 linguam..uni'ver·

1212 865 1219 872 ἱ
1325 786 1579 848 salem
1625 784 2058 849 reductio.

786 958 956 1020 Cum
994 958 1231 1020 omnis
1218 956 1458 1054 lingua
1493 957 1896 1041 particularis
1925 925 2158 1040 partim
2188 956 2485 1030 mediate,
2517 955 2750 1042 partim

600 1047 995 1122 immediate
1020 1081 1095 1122 ex
1124 1059 1340 1140 lingua
1371 1047 1714 1122 universali
1748 1075 1883 1122 orta
1923 1061 2042 1122 sit:
2089 1081 2166 1121 eo
2199 1061 2341 1142 ipso
2375 1062 2564 1122 etiam
2611 1082 2751 1122 om·-

600 1163 710 1223 nis
758 1162 985 1245 lingua
1024 1163 1421 1245 particularis
1476 1163 1711 1245 partim
1745 1134 2060 1234 mediate,
2093 1165 2332 1246 partim
2377 1147 2748 1223 immediate

608 1261 715 1325 ad
722 1285 863 1326 eam
894 1265 1111 1327 reduci
1144 1285 1334 1348 posse
1377 1263 1584 1324 debet.
1617 1264 1717 1324 In·
1729 1262 2106 1344 redut-tione
2129 1263 2258 1326 hae
2303 1265 2616 1326 utendum
2659 1273 2752 1326 est

604 1365 920 1430 methodo
951 1368 1043 1430 illi
1076 1365 1417 1434 contr-aria,
1434 1384 1562 1445 qua
1599 1363 1848 1442 linguae
1881 1365 2290 1446 particulares
2328 1388 2403 1427 ex-
2433 1366 2746 1428 unversali

584 1467 800 1539 ffactae
846 1485 1014 1528 sunt.
1062 1471 1269 1528 Sicut
1290 1486 1527 1546 nempe
1571 1465 1636 1524 in
1687 1464 2054 1544 linguarum
2099 1468 2576 1548 particularium
2617 1469 2746 1526 sor·
2811 1483 2826 1506 ²

601 1569 999 1630 matione'ex
1044 1567 1383 1632 vocabulis.
1410 1565 1873 1650 monosyllabis
1911 1565 2289 1650 dissyllaba,
2333 1588 2409 1628 ex
2459 1561 2743 1654 dissylla-

596 1669 698 1732 bis
730 1669 1074 1756 trisyllaba,
1104 1690 1179 1731 ex
1200 1667 1550 1752 ‚trisyllabis
1585 1664 2074 1750 quadrisyllaha‚
2121 1682 2183 1728 et
2219 1669 2309 1729 sic
2337 1691 2534 1749 porro
2575 1669 2739 1732 facta

594 1786 779 1840 sunt:
823 1773 914 1835 ita
949 1774 1335 1842 vice-versa,
1364 1757 1435 1832 ut
1470 1769 1703 1832 iterum
1744 1767 1824 1830 ad
1863 1767 2148 1851 linguam
2185 1771 2604 1835 universalem
2639 1793 2740 1833 re-
2777 1791 2782 1796 ·

594 1873 900 1949 deamnz,
944 1898 1021 1938 ex
1048 1872 1383 1955 vocabulis
1411 1867 1916 1954 quadrisyllabis'·
1947 1872 2265 1957 trisyllaba
2289 1914 2308 1946 ‚
2352 1893 2427 1934 ex
2465 1873 2733 1958 trisylla-
2764 1889 2769 1894 ’

590 1976 693 2038 bis
726 1977 1061 2062 dissyllaba
1083 2018 1104 2051 ‚
1150 1997 1223 2038 ex
1259 1973 1618 2060 dissyllabis
1667 1971 1946 2056 denique
1977 1974 2426 2060 monosyllaba
2457 1989 2606 2037 sunt
2638 1971 2732 2038 fa-

592 2079 837 2142 cienda.
858 2081 1027 2143 Ante
1059 2079 1283 2158 omnia
1320 2079 1387 2138 in
1426 2074 1751 2138 vocabulis
1789 2075 2138 2160 dissyllabis
2161 2075 2395 2162 syllaba
2429 2075 2748 2152 secunda,'

532 2171 551 2188 '
579 2203 755 2264 quae
790 2183 1225 2244 communiter
1252 2179 1622 2242 terminatio
1647 2177 1991 2240 nominalis
2027 2192 2134 2239 aut
2163 2179 2433 2246 verbalis
2462 2202 2595 2244 esse
2626 2202 2731 2242 so-

589 2283 745 2356 let,·
764 2297 857 2344 est
915 2283 1291 2364 abjicienda.
1340 2283 1445 2343 Sic
1500 2302 1576 2342 ex
1623 2281 1890 2344 nomine
1943 2303 2168 2362 graeco
2223 2286 2442 2361 δόμος,
2487 2283 2728 2365 abjecta

583 2385 1034 2449 terminatione
1068 2377 1407 2456 nominali,
1440 2381 1508 2443 fit
1546 2381 1724 2443 radix
1759 2379 2203 2466 monosyllaba
2237 2389 2382 2465 ὁσμ,
2418 2405 2490 2447 ex
2501 2375 2722 2447 latino

580 2488 741 2549 cutis
771 2498 912 2561 cat,
959 2508 1032 2548 ex
1077 2484 1445 2568 germanico
1491 2486 1632 2545 bose
1668 2489 1812 2563 ὀόι,
1855 2503 1928 2545 ex
1983 2484 2216 2575 slavico
2253 2483 2476 2548 {ena
2447 2508 2601 2562 zen,
2649 2509 2724 2549 ex

580 2588 931 2669 hungarico
977 2588 1119 2649 ἐάας
1173 2590 1291 2663 e'd3
1334 2586 1606 2669 perinde
1651 2608 1726 2649 ex
1771 2586 1964 2649 verbo
2017 2607 2240 2669 graeco
2266 2588 2428 2663 ἃέω,
2475 2588 2720 2685 abjecta

574 2692 1030 2755 terminatione
1062 2689 1341 2763 verbali,
1387 2688 1455 2751 fit
1502 2688 1681 2753 radix
1729 2688 2172 2773 monosyllaba
2216 2698 2348 2763 ee„
2396 2711 2469 2753 ex
2520 2684 2718 2753 latino

578 2795 721 2857 dico
754 2796 896 2869 dio,
940 2815 1015 2856 ex
1056 2792 1423 2889 germanico
1479 2796 1591 2853 ἴιὸε
1639 2795 1754 2867 ab,
1797 2815 1870 2854 ex
1915 2792 2147 2855 slavico
2195 2794 2400 2855 νάὸἰιη
2442 2798 2600 2867 νάὸ,
2645 2817 2720 2857 ex

575 2892 926 2979 hungarico
960 2896 1157 2959 halok
1192 2894 1343 2969 hal,
1388 2909 1450 2958 et
1488 2898 1582 2959 sio
1614 2895 1692 2957 de
1727 2895 1985 2959 caeteris
2009 2916 2284 2985 quoque
2335 2896 2588 2979 linguis.
2634 2896 2714 2958 In

571 2998 897 3062 vocabulis
928 2998 1268 3085 trisyllabis
1302 3012 1493 3080 prout
1532 2998 1799 3084 syllaba
1809 3000 1987 3061 tertia
2027 2998 2122 3060 vel
2173 2998 2249 3061 ab
2291 2999 2474 3061 initio
2513 2998 2660 3060 vel
2645 3021 2712 3079 ιιι

571 3102 793 3163 medio
831 3102 981 3165 vel
963 3125 1029 3163 ιιι
1060 3100 1191 3163 fine
1252 3100 1580 3165 vocabulis
1633 3100 1986 3187 dissyllabis
2037 3102 2330 3163 accessit:
2377 3102 2464 3162 ita
2520 3101 2710 3163 etiam

556 3202 669 3266 -vel
702 3203 911 3285 prima
943 3203 1043 3264 vel
1074 3203 1287 3265 media
1325 3203 1423 3267 vel
1462 3204 1690 3266 ultima
1726 3205 1964 3289 syllaba
2002 3216 2096 3268 est
2129 3202 2432 3267 tollenda.
2480 3204 2584 3267 Sic
2638 3205 2708 3265 in

572 3304 761 3365 titillo
796 3303 1051 3388 syllaba
1084 3307 1327 3387 prima,
1372 3306 1441 3367 in
1482 3307 1656 3384 agito
1686 3307 1932 3382 media,
1977 3305 2043 3365 in
2086 3327 2292 3385 genua
2335 3307 2560 3367 ultima
2612 3320 2707 3369 est

568 3406 963 3488 abjicienda,
1008 3408 1157 3491 quia
1194 3408 1482 3491 primum
1541 3420 1754 3469 ortum
1811 3420 1904 3468 est
1958 3424 2074 3490 per
2125 3407 2701 3489 reduplicationem

568 3506 842 3593 syllabae
875 3508 1123 3591 primae
1158 3531 1231 3571 ex
1261 3511 1431 3584 tillo,
1480 3509 1659 3590 eujus
1695 3508 1872 3571 radix
1903 3522 1998 3573 est
2039 3510 2148 3583 til,
2193 3505 2550 3573 secundum
2586 3533 2702 3593 per

562 3611 1128 3693 interpositionem
1160 3612 1435 3696 syllabae
1454 3611 1704 3691 mediae
1732 3612 1781 3671 it
1807 3634 1880 3674 ex
1908 3634 2051 3691 ago,
2068 3612 2247 3695 cujus
2275 3612 2453 3674 radix
2483 3625 2575 3674 est
2595 3636 2700 3689 ag,

566 3714 830 3781 tertium
865 3734 981 3796 per
1026 3714 1413 3795 adjetionem
1442 3714 1732 3799 -syllabae
1789 3713 2051 3778 ultimae
2092 3734 2132 3777 α
2167 3736 2241 3777 ex
2275 3736 2476 3794 genu,
2520 3714 2697 3798 cujus
2793 3760 2800 3767 -

566 3814 747 3879 radix
782 3830 877 3877 est
908 3838 1049 3897 gan.
1094 3817 1423 3881 Vocabula
1461 3816 1927 3901 quadrisyllaba
1959 3816 2055 3891 yel
2097 3831 2245 3879 sunt
2279 3838 2354 3879 ex
2387 3817 2698 3900 simplici·-

566 3918 685 3980 bus
722 3919 1100 4001 composita,
1141 3942 1213 3984 ac
1250 3920 1524 4002 proinde
1550 3922 1616 3982 in
1659 3919 1878 3981 eadem
1908 3918 2318 3998 resolvenda,
2353 3940 2388 3979 e
2444 3940 2502 4001 g.
2535 3941 2726 3982 nea--

561 4022 721 4100 polis
754 4043 827 4085 ex
855 4044 974 4087 nea
1010 4036 1071 4087 et
1096 4025 1293 4107 polis,
1337 4024 1435 4091 vel
1474 4046 1549 4089 ex
1580 4022 1914 4109 trisyllabis
1951 4045 2064 4107 per
2113 4022 2540 4105 adjectionem
2569 4022 2696 4107 syl-
