3043 4837
329 2147 510 2254 Cui
547 2171 996 2247 decennalis
1031 2172 1306 2244 Musae
1346 2168 1915 2267 meae-fructus
1932 2175 2119 2274 jure
2146 2180 2453 2272 potiore

323 2305 722 2382 dedicare·
736 2329 1084 2402 possem,
1121 2327 1356 2404 quam
1405 2301 2104 2398 Rbi,.dulci,955ma
2133 2307 2409 2381 Patria
2430 2315 2491 2382 J.

326 2450 408 2519 in
433 2446 664 2544 ‘cujus
690 2438 983 2541 gremio
1016 2415 1454 2511 dulcissimo
1495 2454 1763 2523 natus,
1784 2438 2171 2515 educatus
2194 2442 2461 2541 erudi·

328 2556 608 2680 tusque
624 2575 846 2650 sum?
867 2567 1392 2671 Suscipe'ergo
1429 2571 1752 2671 benigne
1786 2573 1932 2647 hoc
1968 2577 2204 2677 quale
2228 2578 2461 2677 quale

329 2710 861 2784 munusculum
880 2765 912 2793 ,
963 2706 1178 2809 quod
1226 2708 1450 2799 filius
1520 2708 1733 2781 Tuus
1793 2715 2283 2807 gratissimus
2348 2710 2463 2783 ad

327 2824 939 2919 sdcrumalta‘re
988 2842 1236 2913 Tuum
1263 2865 1563 2913 summa
1601 2866 1773 2933 cum
1804 2848 2297 2916 veneratione
2330 2843 2462 2916 de·

323 2982 566 3078 ponit.
628 2978 938 3049 Utinam
985 2974 1186 3047 illud
1233 2972 1398 3045 Tibi
1451 2988 1761 3045 tantum
1809 2975 2173 3048 utilitatis
2224 2974 2460 3049 hono·

333 3118 595 3213 risque
637 3109 1041 3219 adferret,
1083 3122 1462 3209 quantum
1493 3106 1680 3180 mihi
1712 3107 2003 3181 laboris
2026 3109 2467 3210 fatigiique

333 3246 756 3319 absumsit!
774 3242 879 3315 At
907 3240 1130 3341 spero
1169 3246 1583 3343 intimeque
1600 3246 2009 3332 'convictus
2024 3267 2224 3327 sum,
2238 3228 2469 3341 prae-

327 3394 621 3454 sentem
659 3378 1004 3474 linguam
1044 3362 1554 3448 universalem
1587 3402 1737 3449 non
1770 3376 1943 3451 Tua
1985 3392 2290 3449 tantum
2324 3375 2469 3450 sed

329 3508 818 3587 Exterorum
859 3534 1165 3612 quoque
1198 3504 1470 3607 gratia
1491 3510 1941 3609 fruituram
1982 3484 2169 3600 esse,
2198 3510 2473 3611 quibus

330 3672 417 3721 se
449 3646 590 3718 illa
623 3660 700 3718 et
728 3643 1271 3720 vocabulorum
1289 3645 1697 3729 brevitate,
1714 3660 1794 3718 et
1818 3650 2474 3719 constructionum

309 3779 732 3881 facilitate
747 3832 781 3884 e·
821 3764 905 3852 et‘
935 3784 1511 3876 expressionum
1548 3780 1915 3867 claritate
1932 3833 1963 3865 ,
1996 3797 2077 3856 et
2112 3802 2477 3853 sonorum

337 3918 759 3996 varietate,
781 3928 859 3986 et
881 3936 1143 3987 rerum
1177 3912 1452 3986 ordine
1473 3915 1686 3987 nullo
1722 3939 1874 4007 non
1906 3928 2243 4012 tempore
2286 3936 2484 3985 oom-

344 4036 794 4134 mendabit,
847 4052 1112 4150 sicque
1173 4072 1508 4145 magnae
1570 4047 1685 4121 illi
1720 4049 2171 4149 linguarum
2211 4042 2488 4145 confu-

2929 4564 2961 4601 A
3016 4544 3019 4601 Ι
