3043 4837
1345 376 1463 402 m
1554 361 1631 410 22
1710 377 1837 414 ,aa-uu
1919 392 1932 398 -

515 509 727 573 neque
763 489 994 553 melior
1017 509 1230 574 neque
1265 493 1615 558 naturalior
1646 491 1769 554 alia
1805 511 1957 558 esse.
1978 504 2231 573 potest,
2264 489 2459 575 quam'
2492 512 2657 574 qua-e

513 592 580 656 in
621 592 882 656 diversis
921 594 1211 678 loquelae
1249 594 1577 668 humanae.
1602 595 1859 678 organis
1886 607 1979 664 est
2002 593 2286 668 fundata.
2336 595 2549 678 Quare
2584 594 2654 658 in

493 685 733 758 'lucum
769 695 1016 760 ordinis
1047 695 1428 782 alphabetici
1465 720 1538 770 ex
1570 699 1967 770 diversorum
2014 718 2401 790 organorum
2459 697 2655 760 literis

511 797 759 866 confusi
795 799 994 863 alium
1027 815 1283 874 naturae
1319 804 1523 884 magis
1570 801 1975 866 conformem
2024 799 2469 865 substituimus
2495 843 2516 872 ,
2560 812 2654 863 at-

509 921 634 984 que
671 899 748 963 ab
784 901 942 984 ipsis
971 887 1202 968 novem
1235 906 1412 977 sonis
1459 904 2005 987 simplicissimis,
2039 889 2276 988 nempe
2335 925 2419 1002 α’,
2466 908 2544 976 ἂ,
2592 923 2653 976 ο,

508 1011 586 1076 δ’,
629 1025 708 1074 0,
753 1009 832 1075 ὃ,
877 1007 942 1079 ἰ,
987 1013 1077 1078 ἃ,
1119 1031 1200 1080 ιι,
1246 1021 1555 1091 tanquam
1594 1007 2137 1091 omnis-loquelae
2175 1006 2494 1070 humanae
2530 1003 2657 1066 ele-

503 1104 740 1171 mentis
775 1107 1030 1173 initium
1066 1111 1414 1185 sumimus,
1441 1121 1581 1172 tum
1614 1131 1811 1178 sonos
1849 1109 1967 1174 hos
1999 1131 2113 1194 per
2146 1108 2391 1172 diversa
2427 1107 2651 1189 loque·

501 1205 599 1268 lae
633 1211 1242 1292 organa‹,ordine.ab
1281 1214 1418 1296 ipsa
1447 1226 1676 1279 natura
1713 1213 1978 1278 inducto
2014 1213 2331 1277 variamus
2352 1253 2373 1284 ,
2406 1229 2643 1291 nempe
2686 1217 2695 1226 '

499 1309 716 1392 primo
754 1335 869 1396 per
899 1315 1438 1401 palatum2utpote
1471 1317 1719 1402 laryngi
1739 1359 1760 1390 ,
1804 1316 1915 1401 qui
1949 1317 2162 1399 prima
2190 1314 2424 1384 horum
2454 1331 2647 1375 sono·

499 1432 662 1474 rum·
681 1418 1006 1500 scaturigo
1035 1401 1682 1492 estssvicinissimnm
1719 1441 1833 1482 seu
1877 1441 1989 1503 per
2046 1419 2257 1482 literas
2304 1415 2648 1499 palatinas,

495 1533 736 1598 nempe
787 1525 820 1595 j
869 1521 1174 1613 mollem,
1229 1546 1280 1602 g
1323 1521 1650 1597 mediam,
1709 1520 1753 1584 k
1815 1520 2089 1596 duram,
2116 1520 2220 1596 ‚kh
2266 1519 2643 1602 aspiratam;

497 1618 782 1682 secundo
817 1643 931 1704 per
969 1624 1252 1706 linguam
1288 1625 1499 1708 palato
1535 1626 1898 1708 proximam
1947 1646 2059 1688 seu
2105 1645 2221 1708 per
2267 1622 2479 1685 literas
2512 1617 2641 1680 lin·

495 1719 748 1800 guales,
789 1747 1025 1808 nempe
1060 1729 1240 1800 l·,.n,
1281 1727 1667 1812 rsliquidas
1691 1771 1711 1803 ,
1754 1733 1799 1790 d
1831 1727 2116 1794 mediam
2140 1769 2160 1802 ,
2203 1739 2228 1786 t
2270 1725 2534 1796 duram,
2570 1721 2641 1782 th

417 1893 427 1900 .
493 1824 875 1904 aspira-‘amz
918 1831 1106 1898 tertio
1144 1849 1286 1914 per.
1307 1831 1530 1896 dentes
1584 1831 1837 1914 linguae
1882 1831 2319 1896 conterminos
2368 1847 2481 1888 seu
2528 1843 2645 1906 per

493 1921 704 1990 literas
741 1928 1058 2008 dentatos,
1093 1957 1329 2020 nempe
1375 1959 1409 1996 z
1441 1934 1713 1998 mollem
1750 1935 2002 2007 lenem,
2046 1939 2125 1995 zh
2164 1930 2433 1994 mollem
2468 1925 2639 2008 aspi-

489 2045 730 2108 ratam,
773 2062 804 2102 s
837 2036 1066 2101 duram
1101 2038 1356 2112 lenem,
1395 2043 1470 2102 sl:
1521 2039 1749 2103 duram
1796 2039 2173 2121 aspiratum
2220 2046 2446 2116 quarto
2502 2043 2639 2090 tan-

491 2134 650 2204 dem·
676 2161 792 2222 per
821 2139 994 2212 labia
1023 2161 1062 2204 a
1098 2140 1268 2206 dicta
1305 2161 1621 2207 sonorum
1656 2140 2041 2222 scaturigine
2074 2138 2354 2201 maxime
2388 2143 2641 2204 remma
2750 2221 2755 2226 .
2846 2228 2853 2236 ι

485 2258 602 2306 seu
645 2262 761 2322 per
801 2243 1025 2304 literas
1070 2241 1366 2324 labiales,
1400 2265 1637 2326 nempe
1680 2266 1742 2305 m
1774 2241 2125 2326 liquidam,
2168 2263 2235 2300 o
2231 2233 2583 2312 mollem„
2598 2235 2639 2308 l?

488 2343 772 2406 mediam
793 2387 815 2417 ,
838 2367 880 2426 ρ
915 2341 1142 2408 duram
1164 2384 1185 2417 ,
1214 2348 1300 2425 ph
1330 2347 1696 2429 aspiratam.
1730 2343 1903 2408 Cum
1938 2357 2154 2406 autem
2187 2340 2448 2410 variatio
2480 2335 2637 2418 haec

487 2463 730 2511 novem·
759 2466 1069 2511 sonorum
1105 2447 1587 2529 primitivorum
1639 2468 1755 2529 per
1808 2446 1977 2513 dicta
2016 2457 2293 2529 quatuor
2340 2436 2653 2525 loquelae.

487 2568 726 2639 organa
764 2549 999 2633 triplici
1045 2549 1248 2615 modo
1299 2549 1438 2613 fieri
1494 2550 1758 2613 debeat·-
1814 2547 2048 2611 merito
2094 2545 2330 2609 omnia
2380 2542 2633 2623 linguae

485 2650 866 2715 universalis
911 2651 1224 2717 vocabula
1285 2652 1368 2715 ad
1419 2665 1549 2715 tres
1602 2649 1833 2713 classes
1885 2668 2302 2721 revocamus,
2357 2646 2635 2729 quarum

485 2748 700 2837 prima
750 2753 1057 2818 vocabula
1087 2777 1124 2817 a
1155 2754 1361 2819 vocali
1393 2755 1573 2838 prius
1630 2754 1757 2817 leni
1796 2752 1948 2816 dein
2003 2752 2277 2834 aspirata
2314 2746 2631 2831 incipien-

481 2858 608 2933 tia,
652 2857 929 2921 secunda
976 2858 1381 2923 in·vocalem
1407 2886 1417 2893 ·
1429 2858 1609 2941 prius
1652 2856 1865 2921 lenem
1914 2854 2065 2927 dein
2114 2853 2457 2938 aspiratam
2522 2846 2634 2909 de-

485 2961 756 3029 sinentia
777 3004 796 3036 ,
856 2963 1038 3025 tertia
1106 2982 1463 3026 consonam
1523 2959 1827 3045 utrinque
1894 2958 2195 3023 habentia
2262 2950 2635 3038 complecti-

481 3076 604 3125 tur.
651 3065 870 3129 Prima
903 3066 1119 3151 itaque
1147 3065 1366 3129 'classis
1403 3050 1570 3129 duos
1607 3063 1801 3127 habet
1824 3062 2118 3135 ord-ines,
2146 3078 2427 3145 quorum
2448 3068 2630 3127 uter?

486 3185 612 3249 que
643 3182 745 3231 21.
782 3182 1077 3231 numerat
1125 3168 1359 3241 series,
1401 3165 1712 3231 vocabula
1746 3166 1905 3255 189,
1950 3165 2143 3227 ambo
2182 3160 2374 3225 simul
2410 3169 2490 3235 42
2530 3178 2630 3224 se-

483 3269 612 3330 ries
632 3312 654 3342 ,
687 3269 998 3332 vocabula
1027 3270 1172 3354 578.
1215 3270 1454 3335 Classis
1493 3269 1773 3357 secunda
1800 3270 1968 3333 duos
1999 3265 2265 3351 perinde
2296 3260 2489 3325 habet
2523 3281 2629 3349 or-

487 3372 710 3446 dines,
755 3365 1034 3455 quorum
1078 3354 1342 3456 uterque
1386 3397 1464 3461 19
1501 3384 1796 3435 numerat
1840 3370 2074 3445 series,
2134 3365 2440 3449 vocabula
2484 3386 2627 3448 1719

486 3474 680 3537 ambo
716 3475 909 3551 simul
945 3474 1044 3539 58·
1067 3475 1258 3539 series
1281 3518 1300 3551 ,
1342 3476 1845 3559 vocabula.5l42..
1878 3472 2117 3545 Classis
2162 3468 2347 3539 tertia
2391 3490 2468 3555 ¹9
2510 3464 2622 3548 ha-

484 3577 592 3640 bet
625 3578 884 3655 ordines
931 3577 1295 3645 secundum
1345 3604 1422 3669 ¹9
1459 3600 1816 3659 consonas,
1852 3596 2089 3660 nempe
2134 3580 2173 3654 ¹1‘
2187 3620 2209 3649 ,
2250 3596 2333 3654 g,
2379 3568 2467 3639 k,
2513 3566 2621 3640 kh,

486 3682 556 3750 l,
602 3703 689 3753 n,
733 3703 802 3755 r,
848 3685 933 3753 d,
981 3692 1046 3755 t,
1095 3686 1214 3753 th,
1259 3706 1332 3757 z,
1379 3687 1497 3758 zh,
1543 3706 1616 3756 s,
1659 3686 1770 3753 sk,
1817 3704 1923 3750 m,
1955 3703 2032 3755 o,
2070 3682 2146 3753 b,
2188 3679 2437 3757 p,'phs
2471 3690 2631 3753 qua·

483 3804 631 3845 rum
671 3785 989 3867 quaelibet
1020 3798 1152 3848 tam
1173 3806 1392 3849 secum
1415 3785 1551 3868 ipsa
1572 3804 1766 3867 quam
1797 3804 1947 3848 cum
1982 3780 2264 3865 qualibet
2296 3776 2416 3839 alia
2444 3794 2625 3837 com-

484 3884 761 3949 binatur.
809 3887 1108 3971 singulus
1161 3888 1325 3951 ordo
1363 3914 1459 3979 ¹9·
1497 3900 1793 3975 numerat
1839 3886 2069 3961 series,
2110 3878 2419 3946 vocabula
2478 3899 2623 3959 171,
2707 3968 2713 3977 .

491 4011 716 4053 omnes
773 3993 963 4057 simul
989 3992 1110 4066 561
1145 3995 1376 4067 series,
1418 3969 1730 4061 vocabula
1772 3990 1987 4080 5²²49·
2032 3970 2203 4053 Tota
2247 3983 2439 4067 igitur
2494 3980 2619 4043 lin-

489 4114 608 4177 gua
629 4095 1015 4161 ‚universalis
1045 4106 1166 4175 441
1207 4097 1523 4171 seriebus,
1565 4112 1629 4161 et
1656 4095 1849 4188 &969
1880 4090 2205 4160 vocabulis
2246 4082 2619 4157 absolvitur,
