3043 4837
1127 381 1278 463 'um'
1343 370 1464 458 159
1550 399 1667 425 m

864 964 1888 1053 APPENDIX.

317 1302 520 1403 Cum
561 1360 788 1403 omnes
825 1320 1078 1423 linguae
1113 1338 1525 1421 particulares
1558 1363 1595 1402 a
1626 1354 1849 1403 natura
1894 1360 2114 1402 rerum
2154 1340 2450 1403 omnium

314 1442 682 1506 formatrice
720 1445 1132 1526 proveniant;
1184 1444 1321 1526 ipsa
1353 1457 1567 1505 autem
1596 1434 2025 1527 parsimoniae
2074 1443 2463 1507 studiosissi-

313 1566 424 1609 ma
457 1544 625 1613 nihil.
650 1546 955 1629 superflui
989 1546 1204 1612 faciat:
1253 1546 1689 1609 idcircosicut
1722 1546 1895 1608 nulla
1949 1546 2175 1609 dantur
2226 1548 2291 1608 in
2343 1569 2455 1611 na-

313 1661 460 1709 tura
498 1648 744 1731 objecta
779 1650 1135 1732 superflua3
1181 1650 1266 1712 ita
1303 1650 1494 1712 etiam
1533 1650 1707 1711 nulla
1744 1650 2019 1713 existunt
2053 1650 2121 1711 in
2161 1670 2453 1732 quacun-

316 1772 443 1833 que
477 1748 744 1815 demum
776 1753 984 1835 lingua
1020 1752 1326 1816 vocabula
1358 1743 1623 1836 prorsus
1673 1753 1895 1815 otiosa.
1943 1754 2115 1839 Hinc
2149 1750 2455 1813 vocabula

311 1852 465 1928 illa,
509 1876 670 1937 quae
725 1876 1078 1940 synonyma
1128 1856 1563 1939 appellamuS‚
1607 1856 1815 1938 reipsa
1853 1869 2100 1917 tanturn
2148 1867 2296 1915 sunt
2339 1874 2455 1914 vo·-

315 1955 536 2019 cabula
585 1956 841 2033 affinia,
899 1974 1060 2042 quae
1114 1959 1232 2021 etsi
1274 1958 1430 2021 citra
1477 1957 1828 2021 notabilem
1881 1978 2103 2021 sensus
2150 1956 2455 2019 mutatio-

307 2079 464 2121 nem
513 2060 632 2123 sibi
688 2060 979 2123 substitui
1033 2062 1317 2144 possint,
1362 2083 1615 2144 semper
1664 2075 1877 2123 tamen
1929 2056 2297 2175 quampiam
2336 2056 2439 2120 vel

310 2183 542 2224 sensus
591 2163 688 2224 vel
743 2162 988 2227 decoris
1051 2162 1149 2225 vel
1210 2161 1525 2226 efficaciae
1577 2160 2003 2226 differentiam
2072 2162 2139 2222 in
2210 2180 2455 2223 sermo-

309 2286 470 2327 nem
507 2264 836 2327 inducunt.
885 2266 1017 2352 Qui
1053 2266 1244 2349 igitur
1278 2281 1673 2351 praesentem
1712 2266 1995 2349 linguam
2030 2262 2463 2327 universalem

267 2436 272 2444 ,
311 2367 382 2429 iri
419 2368 792 2451 quampiam
831 2369 1278 2452 particularem
1330 2368 1663 2432 transferre
1713 2370 1923 2454 cupit,
1966 2359 2130 2432 hanc
2170 2365 2459 2429 vocabu-

312 2469 530 2548 lorum
575 2460 1001 2536 differentiam
1051 2474 1256 2558 probe
1305 2473 1676 2548 observare,
1720 2487 1909 2557 atque
1958 2473 2035 2535 ad
2094 2470 2488 2534 evitandam⁴

311 2553 606 2637 idearum
642 2574 1095 2639 confusionem
1126 2589 1367 2644 textum
1413 2597 1674 2660 quoque
1708 2575 1981 2638 latinum
2024 2593 2141 2637 ceu·
2169 2574 2452 2636 indicem
2538 2627 2547 2638 ,

291 2675 744 2738 ‘clarissimum
797 2679 1076 2742 versioni
1136 2701 1285 2742 suae
1335 2681 1708 2741 interserere
1772 2679 1975 2741 debet.
2038 2679 2207 2741 Cum
2258 2695 2453 2758 porro

215 2849 224 2856 ,
314 2777 532 2859 lingua
589 2780 960 2843 universalis
1013 2783 1310 2847 omnium
1371 2781 1707 2843 nationum
1767 2780 1906 2842 usui
1970 2779 2457 2841 accommodata
2528 2852 2537 2856 -

317 2902 453 2945 esse
492 2880 767 2944 debeatz-
791 2880 940 2944 ideo
973 2883 1218 2966 objecta
1251 2896 1501 2946 tantum
1538 2882 1839 2945 omnibus
1874 2881 2241 2944 nationibus
2273 2885 2453 2942 com-
2516 2954 2521 2956 .

311 2983 538 3050 munia
569 2983 907 3066 complecti
955 3000 1187 3070 potest.
1233 2988 1300 3050 Si
1351 3008 1500 3068 ergo
1532 2985 1609 3049 de
1654 2984 1928 3068 objectis
1971 2984 2159 3047 alicui
2208 2983 2455 3044 nationi

299 3087 597 3170 'propriis‘
620 3087 686 3147 in
727 3109 799 3150 ea
829 3071 1229 3152 tractandum
1258 3091 1480 3165 suerit,
1524 3090 1633 3152 illa
1664 3089 1833 3151 notis
1873 3087 2079 3150 verbis
2117 3099 2301 3149 erunt
2334 3086 2453 3148 cir-

315 3187 823 3252 cumscribenda.
867 3190 1165 3253 Termini
1206 3207 1416 3255 autem
1465 3191 1778 3264 technici‚
1822 3190 2052 3278 quibus
2102 3189 2320 3270 lingua
2361 3187 2455 3248 la-

313 3291 451 3357 tina
479 3305 683 3366 caret,
729 3313 803 3354 ex
833 3314 1052 3375 graeca
1089 3308 1275 3357 erunt
1301 3293 1663 3358 mutuandi.
1711 3294 1879 3357 Cum
1924 3292 2197 3376 denique
2234 3291 2447 3373 lingua
2524 3342 2539 3356 ,

313 3393 694 3456 universalis
737 3396 1040 3458 omn-ibus
1089 3397 1488 3480 temporibus
1532 3396 1831 3464 inservire
1881 3395 2136 3469 debeat;
2181 3395 2451 3456 nomina

314 3507 530 3558 autem
583 3485 842 3580 propria
886 3499 1075 3562 variis
1127 3501 1526 3583 temporibus
1569 3501 1696 3564 sint
1744 3499 1947 3564 varia:
2008 3497 2159 3560 hinc
2220 3497 2449 3560 eadem

315 3599 571 3680 linguae
627 3601 965 3664 universali
1018 3599 1450 3666 indifferentia
1505 3623 1639 3666 esse
1691 3603 1959 3676 debean
2006 3623 2215 3686 neque
2270 3600 2467 3662 aliter'

317 3723 514 3786 quam
565 3723 682 3786 per
740 3703 1128 3769 vocabulum
1175 3707 1243 3768 in
1295 3705 1507 3788 lingua
1572 3707 1766 3769 latina
1815 3719 2038 3790 utpote
2092 3703 2447 3787 plurimum

315 3805 570 3886 vulgata
609 3806 909 3868 usitatum
959 3807 1226 3871 indicari
1259 3823 1549 3893 possunt.
1592 3809 1769 3870 Eum
1816 3808 1885 3871 in
1929 3797 2121 3868 finem
2184 3803 2453 3890 quilibet

312 3907 593 3990 linguae
603 3899 974 3972 universalis
1009 3931 1224 3974 versor
1260 3914 1599 3996 praecipua
1630 3911 1899 3973 nomina
1926 3908 2229 3992 propria,
2257 3919 2451 3990 prout

320 4008 427 4073 hic
484 4025 873 4094 sequuntur,
919 4013 1230 4091 totidem,
1275 4017 1326 4076 si
1379 4015 1515 4077 fieri
1566 4029 1813 4100 potest,
1860 4014 2113 4096 linquae
2152 4031 2300 4073 suae
2341 4029 2455 4069 vo-

318 4113 559 4182 cabulis
597 4115 846 4208 reddita
869 4159 890 4193 ,
921 4117 1146 4183 ordine
1179 4117 1578 4204 alphabetico
1612 4117 1957 4193 describet,
1995 4135 2154 4202 quae
2180 4109 2451 4198 proinde
